2916 4860
1158 419 1202 483 45

162 595 369 672 gererentur,
392 588 453 652 sub
477 597 641 672 aspectum
665 607 768 672 paene
785 588 1037 673 subjicerentur,
1059 598 1095 653 ut
1107 607 1201 672 pree·
1283 611 1285 615 ⁷

160 700 271 754 sentes
300 692 512 774 cernerem,
542 712 625 776 quae
655 693 787 757 auribus
817 696 943 777 potius,
973 715 1068 779 quam
1097 695 1201 759 oculis

160 792 381 875 excipiebant,
421 805 621 878 spectatores
662 795 724 859 sibi
764 797 960 861 viderentur.
1016 797 1202 862 Accedebat

159 897 246 960 enim
280 895 319 959 ad
349 909 464 961 cantus
495 898 652 962 llexiones
682 900 781 962 variis
817 903 902 964 vitae
934 903 1201 985 ingeniorumque

158 1001 354 1085 imaginibus
376 1002 633 1067 accommodatas
656 1002 853 1066 admirabilis
868 1004 921 1067 illa
938 1024 992 1067 ars
1008 1004 1135 1069 mimica
1149 1004 1201 1083 ⁸²),

159 1105 289 1168 saltatio
323 1109 420 1189 (quac
453 1106 535 1169 inde
564 1105 605 1168 ab
635 1104 868 1187 antiquissimis
898 1106 1095 1193 temporibus
1123 1118 1200 1169 con·

152 1206 267 1292 juncta
279 1229 352 1273 cum
362 1211 454 1293 poesi
467 1209 539 1285 luit)
554 1215 729 1293 gestusque
740 1209 908 1270 sententiis
920 1217 1136 1290 congruentes
1147 1208 1199 1289 ⁸³),

160 1311 277 1394 quibus
292 1322 378 1374 tanta
394 1331 466 1376 cum
482 1312 657 1375 mobilitate
671 1311 722 1392 ⁸⁴),
746 1298 914 1391 sacililatep
937 1312 1113 1396 elegantia,
1136 1323 1201 1378 tam

159 1414 330 1479 commodo
359 1423 454 1498 atque
481 1434 637 1497 expresse
669 1432 748 1477 usos
782 1433 857 1478 esse
886 1416 1031 1505 Graecos
1064 1427 1200 1498 constat,

158 1529 194 1579 ut
216 1516 401 1600 pantomimi
425 1516 478 1580 vel
499 1518 570 1580 sine
592 1516 707 1589 verbis,
725 1518 800 1600 quid
824 1519 943 1581 vellent
959 1519 1039 1583 solis
1052 1520 1199 1603 gestibus

158 1621 375 1704 exprimerent
386 1621 439 1689 ⁸⁵).
481 1620 644 1683 Mimioam
668 1628 772 1680 autem
795 1630 893 1682 artem
916 1620 958 1683 ad
981 1620 1199 1706 dithyrambos

158 1714 344 1789 translatam
367 1743 442 1788 esse
465 1724 654 1787 Athenaeus
678 1722 721 1804 (l,
744 1743 776 1805 p.
799 1725 838 1786 19
860 1724 900 1799 F)
923 1735 1036 1787 auctor
1057 1735 1121 1806 est,
1144 1726 1200 1808 qui

159 1827 343 1891 Stratonem
366 1826 574 1891 'l'arentinum
590 1827 631 1902 ⁸⁰)
655 1837 767 1891 narrat
783 1827 816 1889 in
840 1825 903 1888 hoc
924 1847 1045 1911 genere
1068 1819 1205 1908 (panni--

158 1926 351 2012 perosioris
373 1921 617 2024 diducendum)
642 1931 845 1995 excelluisse.
881 1930 951 1996 llac
974 1934 1080 2016 igitur,
1103 1952 1200 2017 quam

159 2035 243 2116 dixi,
267 2035 391 2097 mimica
414 2034 604 2119 dithyrambi
626 2038 716 2119 part'e
731 2036 848 2100 factum
864 2047 931 2117 est,
954 2049 989 2101 ut
1003 2038 1199 2103 scholiastae

163 2136 204 2199 de
215 2135 382 2198 Philoxeni
395 2136 537 2222 Cyclope
558 2139 601 2200 ita
625 2148 774 2220 agerent,
788 2158 836 2223 ac
859 2141 887 2201 si
902 2139 942 2201 de
957 2160 1036 2203 vero
1055 2140 1198 2203 dramate

165 2252 325 2326 ageretur,
360 2264 421 2307 nec
454 2263 550 2327 spero
583 2246 698 2307 mirum
731 2243 816 2323 lore,
850 2240 924 2324 quid
956 2244 1014 2322 sit,
1048 2242 1134 2324 quod
1167 2259 1199 2306 et

163 2343 334 2428 Cyclopem
357 2346 464 2409 dicant
493 2367 564 2411 cum
594 2367 671 2429 pera
694 2348 727 2410 in
751 2365 879 2408 scenam
906 2344 1068 2426 prodiisse
1096 2352 1127 2407 et
1157 2343 1198 2407 de
1291 2341 1298 2351 '

160 2456 268 2510 actore
288 2439 475 2535 (ὑποκριτῇ)
496 2449 730 2533 loquantur'h.
763 2447 845 2512 Nam
861 2457 1111 2510 consentaneum
1129 2455 1200 2510 erat

160 2562 190 2610 et
214 2569 305 2632 eum,
328 2553 379 2613 cui
404 2549 545 2636 Cyclops
568 2551 733 2614 saltandus
757 2560 860 2630 esset,
889 2560 920 2613 et
943 2568 1016 2628 eos,
1045 2550 1102 2632 qui
1123 2548 1197 2613 reli·
1222 2622 1226 2625 ,

159 2671 241 2735 quas
256 2653 407 2717 dramatis
421 2673 579 2736 personas
595 2664 737 2738 agerent,
761 2673 884 2719 cumea
902 2671 1071 2735 corporum
1087 2653 1198 2735 specie

159 2772 266 2838 eoque
287 2774 359 2819 cum
383 2756 490 2820 habitu
511 2769 540 2818 ct
560 2772 599 2818 eo
616 2759 878 2820 vestimentorum
897 2754 1003 2818 habitu
1022 2756 1197 2849 instructos

158 2857 303 2940 prodire,
336 2871 368 2921 ut
390 2870 587 2941 spectatores
610 2860 661 2922 vcl
686 2860 807 2943 oculis,
837 2880 918 2944 quas
940 2879 1098 2943 personas
1119 2879 1197 2944 age·

160 2974 246 3044 rent,
270 2963 524 3027 admonerentur.
584 2993 588 2999 ·
1009 3024 1013 3029 .

246 3064 298 3127 Ad
328 3066 506 3149 augmam
535 3067 641 3149 illam,
675 3086 771 3150 quam
802 3066 885 3146 dixi,
919 3063 980 3127 sub
1009 3063 1197 3146 adspectum

159 3187 262 3249 paene
285 3165 514 3251 subjectionem
538 3167 670 3235 multum
692 3166 904 3234 hauddubie
927 3165 1061 3229 contulit
1082 3176 1196 3229 metro·

159 3289 228 3334 rum
252 3281 281 3331 ct
305 3272 518 3334 rei-musicae
540 3273 639 3355 ratio,
666 3271 795 3356 qua‘ad
819 3272 905 3333 varia
930 3269 1062 3334 artificia
1084 3281 1196 3354 poetas

159 3393 238 3437 usos
272 3395 346 3438 esse
381 3386 515 3438 constat.
559 3377 641 3440 Nam
670 3378 754 3462 quod
784 3376 970 3440 nostratium
999 3375 1197 3438 musicorum

158 3497 220 3541 usu
236 3489 401 3560 receptum
417 3496 492 3541 esse
510 3479 673 3564 videmos,
697 3493 730 3543 ut
748 3481 787 3543 ab
804 3479 923 3541 intimis
941 3478 1038 3543 animi
1055 3477 1196 3540 allectio·
1272 3534 1282 3555 ,

161 3580 255 3642 nibus
278 3580 317 3643 ad
341 3599 394 3642 res
417 3589 505 3643 extra
529 3584 667 3645 animum
686 3585 808 3665 positas
823 3583 978 3643 musicam
992 3579 1196 3660 transferant,

157 3675 256 3765 atque
277 3683 311 3745 in
333 3701 460 3765 eorum,
483 3703 566 3768 quae
588 3694 642 3746 aut
663 3686 696 3746 in
718 3703 823 3746 rerum
844 3693 952 3745 natura
976 3692 1031 3743 aut
1053 3684 1087 3743 in
1109 3681 1196 3744 vitae

158 3764 392 3873 consuetudine
415 3786 507 3869 fiunt,
530 3788 706 3850 imitatione
728 3795 913 3863 versentur3
934 3781 1018 3846 idem
1037 3783 1103 3846 illis
1116 3792 1195 3846 tem·

157 3889 291 3970 poribus
315 3891 411 3954 nimio
434 3900 465 3952 et
486 3889 693 3953 immoderato
723 3888 830 3951 studio
862 3885 979 3949 sactum
1005 3904 1079 3948 esse
1101 3904 1194 3951 acce·

159 3994 272 4074 pimus.
319 3993 392 4074 Quo
424 3992 535 4078 major
559 3993 645 4057 enim
679 3993 791 4055 mirum
821 3991 854 4053 in
884 3988 1012 4054 modum
1041 3996 1134 4054 aucta
1163 3999 1196 4053 et
