2916 4860
251 466 289 528 4

251 633 298 698 illi
321 634 424 700 luisse
446 633 580 700 videtur.
624 632 729 699 Natus
758 643 808 698 est
835 643 928 716 poeta
951 635 1127 700 secundum
1148 653 1288 720 marmor

250 735 381 801 Parium
404 740 467 822 (ep.
491 739 548 819 70)
576 756 660 803 anno
687 739 752 804 435
775 758 803 802 a.
827 735 921 820 Chr.;
950 738 1030 803 iilud
1060 743 1143 803 enim
1172 741 1214 804 ad
1237 737 1287 802 01.

252 843 332 922 100,
357 845 373 905 l
399 851 546 924 annotat,
570 860 610 904 eo
634 859 719 904 anno
734 840 947 919 Philoxenum
966 852 1093 926 poetam
1116 841 1287 928 dithyram·

250 947 358 1015 hicum
380 948 611 1033 quinquaginta
627 948 768 1032 quinque
788 967 895 1028 anuos·
913 956 1021 1010 natum
1043 946 1174 1010 obiisse.
1208 944 1288 1011 Cum

250 1049 331 1134 hoc,
360 1060 582 1135 praeterquam
611 1047 697 1133 quod
727 1049 768 1113 de
794 1068 885 1137 anno·
909 1049 1007 1112 natali
1037 1048 1115 1112 nihil
1138 1047 1288 1131 produnt,

251 1155 455 1219 consentiunt
484 1164 514 1217 et
537 1148 701 1217 Diodorus
730 1152 862 1218 Siculus
891 1151 991 1234 (xlv,
1014 1153 1086 1234 46),
1120 1154 1174 1237 qui
1203 1170 1287 1216 anno

250 1256 316 1324 398
349 1275 378 1320 a.
412 1253 485 1319 Chr.
519 1253 668 1318 floruisse
702 1255 916 1320 Philoxenum
949 1276 1021 1320 cnm
1055 1255 1223 1320 Timotheo
1256 1265 1289 1318 et

250 1358 382 1441 Teleste
405 1367 602 1441 auctorest,
634 1368 665 1421 et
686 1358 866 1424 Pausanias
896 1359 941 1443 tl,
964 1363 1018 1443 2),
1047 1353 1154 1444 aquo
1184 1358 1288 1442 major

250 1460 430 1549 Dionysius
442 1463 470 1539 ²)
500 1463 554 1550 qui
577 1460 627 1529 01.
650 1462 710 1543 93,
740 1464 756 1525 1
782 1482 823 1526 cx
845 1484 953 1527 marm.
975 1463 1071 1528 Pario
1101 1483 1152 1546 cp.
1174 1466 1216 1529 63
1240 1471 1287 1547 ty-

250 1566 417 1630 rannidem
440 1567 626 1648 occupavit)
648 1573 764 1647 poetae
778 1563 884 1627 fautor
897 1565 1000 1629 luisse
1016 1565 1158 1630 traditur.
1191 1564 1288 1628 Patre

251 1689 333 1734 usus
356 1678 404 1733 est
420 1667 611 1753 Eutytidall
635 1665 732 1744 (Suid
754 1688 780 1730 s.
797 1689 829 1730 v.
854 1659 1023 1749 waldger).
1062 1669 1111 1752 ls,
1135 1678 1286 1754 quantum

251 1773 380 1858 quidem
410 1770 596 1856 conjectura
625 1771 757 1854 assequi
788 1769 880 1854 licet,
914 1789 979 1834 non
1007 1770 1149 1835 Doricae
1177 1772 1287 1853 stirpis

251 1888 335 1960 erat,
358 1876 416 1941 sed
439 1892 634 1940 ex‘numero
650 1875 891 1958 perioecorum,
913 1878 967 1959 qui
983 1873 1147 1959 Spartanis
1161 1875 1287 1938 civibus

251 1993 306 2048 ant
339 1981 436 2046 nullis
469 1990 524 2043 aut
556 1980 727 2062 perpaucis
761 1977 908 2042 admixtis
941 1979 1117 2042 incoluisse
1148 1976 1287 2041 insulam

205 2130 207 2134 ,
250 2086 409 2149 videntur.
444 2080 675 2166 Spartanorum
690 2084 774 2144 enim
787 2092 993 2168 quotcunque
1006 2084 1039 2146 in
1058 2080 1162 2145 insula
1185 2091 1288 2163 erant,

250 2208 314 2254 nou
337 2188 446 2252 firmas
474 2187 519 2251 ihi
548 2186 643 2250 sedes
670 2185 846 2272 habebant,
880 2187 940 2252 sed
967 2207 1025 2272 pro
1053 2185 1216 2269 praesidio
1246 2183 1287 2247 ad

250 2292 463 2380 Cytherorum
474 2291 652 2356 custodiam
665 2310 736 2354 cum
748 2292 935 2376 magistratu
947 2286 1180 2376 (κυθηροδίκῃ)
1195 2296 1287 2372 quot·

251 2398 344 2460 annis
366 2396 588 2476 mittebantur,
611 2396 704 2457 itaut
726 2402 874 2455 recentes
889 2412 1016 2475 semper
1038 2401 1200 2455 extremae
1222 2399 1285 2454 sta·

144 2576 146 2579 ¹
250 2498 345 2562 tionis
368 2496 520 2560 custodes
542 2497 575 2559 in
599 2513 727 2575 eorum,
749 2494 805 2576 qui
820 2513 960 2557 annuum
975 2503 1100 2578 tempus
1122 2496 1286 2559 emeritum

250 2600 423 2683 haberent,
459 2599 566 2665 locum
596 2598 808 2663 succederent
836 2596 951 2675 (Thur.
981 2596 1037 2682 1V,
1060 2601 1127 2677 53).
1172 2599 1206 2661 lu
1238 2597 1288 2662 his

250 2703 348 2786 igitur
368 2708 476 2766 rerum
505 2703 681 2785 patriarum
709 2710 741 2763 et
771 2701 1019 2766 domesticarum
1049 2703 1288 2766 conditionibus

250 2804 449 2870 Philoxenus
467 2815 561 2869 natus
575 2815 632 2870 est.
667 2804 813 2889 Apparet
830 2817 936 2871 autem
950 2806 1044 2870 talem
1059 2808 1193 2890 patriam
1209 2822 1288 2890 poe-

251 2911 315 2973 tico
337 2911 468 2995 ingenio
490 2910 669 2975 excolendo
693 2930 805 2994 parum
827 2912 930 2975 fuisse
953 2911 1112 2975 idoneam.
1137 2947 1179 2958 -

337 3012 469 3076 Maximi
491 3014 588 3098 igitur
606 3017 756 3080 momenti
781 3018 813 3080 in
826 3015 994 3080 Philoxeni
1018 3017 1083 3078 vita
1106 3014 1139 3076 id
1163 3023 1288 3094 tempus

250 3114 324 3199 luit,
344 3114 418 3202 *quo
441 3127 563 3201 terrae,
594 3121 646 3184 cui
674 3122 830 3206 originem
854 3120 1008 3201 debebat,
1039 3127 1169 3199 ereptus
1192 3126 1287 3199 atque

251 3220 383 3283 omnino
410 3220 452 3282 ab
479 3222 628 3286 omnihus
656 3228 779 3307 patriae
809 3224 947 3288 uinculis
977 3221 1104 3285 solutus
1129 3223 1163 3284 in
1185 3239 1288 3283 novas

251 3326 338 3389 vitae
361 3323 564 3389 conditiones
598 3325 721 3409 ejectus
751 3340 809 3394 est.
855 3326 950 3410 Quod
978 3326 1149 3390 discrimen
1179 3344 1292 3408 quam·

252 3445 349 3512 quam
370 3426 500 3510 quando
523 3425 677 3493 acciderit
698 3449 763 3495 non
778 3430 819 3494 ab
842 3431 926 3494 omni
948 3438 1038 3512 parte
1057 3437 1143 3492 certe
1165 3426 1289 3490 definiri

239 3524 376 3614 potest,
400 3529 515 3594 accidit
536 3539 656 3616 tamen,
687 3544 801 3617 atque,
831 3541 866 3594 ut
887 3532 1016 3595 videtur
1038 3531 1182 3614 quidem,
1212 3529 1290 3592 ado·

252 3632 387 3697 lesceuti
408 3631 530 3696 homini
553 3653 656 3718 eaque
677 3644 780 3698 aetate
803 3635 942 3718 vigenti,
969 3652 1030 3716 qua
1054 3634 1177 3716 puerile
1199 3635 1290 3717 iuge·

253 3736 342 3800 nium
363 3734 461 3800 molle
483 3735 524 3799 ad
546 3736 747 3820 disciplinam
776 3738 1072 3829 institutionqmque
1097 3756 1172 3801 esse
1197 3738 1290 3802 solet.

252 3836 361 3920 Atque
387 3836 419 3900 id
445 3838 570 3922 ipsum,
600 3856 665 3921 quo
694 3838 830 3922 deprimi
859 3839 983 3921 potius,
1016 3856 1113 3921 quam
1135 3838 1237 3902 attolli
1258 3848 1292 3902 et

253 3939 366 4021 augeri
387 3939 510 4024 ingenii
525 3940 612 4002 vires
626 3938 748 4020 solent,
772 3938 894 4001 initium
910 3937 1089 4004 Philoxeno
1103 3939 1182 4023 fuit,
1204 3941 1290 4003 unde

253 4040 396 4124 proiecto
429 4039 471 4104 ad
499 4059 648 4124 maguam
677 4041 733 4106 illa
761 4051 866 4105 aetate
893 4042 1030 4127 gloriam
1056 4045 1228 4127 pervenire
1256 4045 1290 4111 iu
