2916 4860
205 404 228 468 8

205 574 307 639 veniit
327 584 360 638 et
380 572 493 639 herum
507 572 689 659 Agesylum
704 573 877 659 quendam,
900 594 996 659 quem
1007 573 1147 641 Doricae
1169 576 1243 640 stir-

191 679 258 762 pis
279 679 383 743 luisse
411 699 453 743 ex
480 678 620 740 nominis
647 676 748 742 forma
770 678 933 764 Bergidae
959 679 1098 763 colligit,
1122 691 1242 743 'nactus

204 792 265 846 est.
308 781 340 845 ls
362 801 453 863 cnm,
484 782 626 864 quitum
648 798 720 844 mos
741 792 809 846 erat
831 799 1000 846 servorum
1021 783 1151 846 nomina
1173 800 1243 845 mu·
1355 835 1358 840 ,

204 884 314 966 tandi,
336 875 506 970 Μύρμηκα
527 883 695 967 appellarit
708 885 746 960 ⁸).
790 883 938 970 Agesylo
960 895 1085 949 mortuo
1108 886 1150 948 ad
1172 885 1241 949 Me·

206 989 399 1073 lanippidem
427 991 583 1052 minorem
612 992 750 1053 emtione
775 988 917 1068 transiit,
950 998 1078 1069 poetam
1107 987 1242 1071 lyricum

190 1102 238 1164 ,et
267 1091 548 1178 dithyrambicum,
580 1092 638 1176 qui
666 1092 752 1155 circa
775 1090 826 1154 Ol.
847 1093 891 1157 80
912 1090 1068 1167 lloruit⁹).
1113 1088 1144 1153 ls
1165 1087 1242 1152 Phi·

206 1195 315 1260 loxeni
343 1197 462 1280 ingenii
491 1195 661 1261 excolendi
691 1197 1005 1280 operamsuseepit,
1039 1195 1137 1259 divite
1159 1213 1242 1257 vena

206 1309 237 1362 et
260 1301 389 1382 poetica
408 1300 494 1362 servi
518 1301 633 1385 virtute
654 1302 842 1383 perspecta,
872 1308 968 1381 atque
996 1300 1040 1361 ita
1063 1296 1242 1380 discipulus
1332 1351 1335 1356 .

205 1402 438 1483 exspectationi
459 1402 640 1484 respondit,
666 1411 717 1483 ut,
740 1422 781 1466 eo
802 1422 882 1466 usus
905 1402 1154 1485 magistro„qui
1176 1411 1242 1465 tum

206 1506 356 1587 princeps
375 1504 731 1590 dithyrambopoeorum
745 1503 923 1567 habebatur
937 1504 977 1579 ¹⁰)
1001 1505 1116 1585 etipse
1132 1522 1242 1585 praes·

204 1607 375 1670 tentissimi
401 1618 516 1690 poetae
544 1607 672 1670 laudem
699 1615 961 1690 consequeretur.
1012 1605 1078 1675 Sed
1107 1624 1173 1668 non
1200 1607 1243 1669 itu

140 1761 141 1764 ,
206 1708 338 1792 longum
371 1719 496 1793 tempus
529 1730 602 1773 cum
637 1708 854 1793 Melanippide
883 1711 955 1774 fuit.
1006 1708 1243 1793 Melanippides

205 1814 291 1876 enim
313 1813 397 1894 apud
420 1811 626 1894 Perdiqcem,
657 1810 871 1887 Macedonum
892 1832 1019 1897 regem,
1049 1812 1133 1876 diem
1163 1813 1242 1877 obiit

206 1935 388 1997 supremum
412 1913 517 1998 (Suid.
538 1914 726 1978 Metaurus.
748 1915 901 2001 θυγατρ.)
908 1936 919 1998 3
939 1915 1009 1999 jam
1028 1925 1102 1979 ante
1124 1933 1242 1979 annum
1303 1950 1307 1951 ν

205 2023 270 2086 413
300 2039 329 2082 a.
352 2019 427 2082 Chr.
456 2020 571 2102 igitur,
604 2035 669 2103 quo
693 2019 866 2099 Perdiccas
896 2027 1039 2082 mortuus
1068 2025 1132 2099 est,
1165 2016 1242 2080 Phi-

206 2123 344 2186 loxenus
373 2125 559 2207 magistrum
588 2123 703 2187 amisit.
747 2119 871 2187 Servus
902 2130 1007 2184 autem
1036 2131 1146 2202 postea
1177 2138 1242 2185 nou

203 2226 280 2306 fuit,
303 2228 375 2289 sive
397 2246 416 2289 a
437 2210 514 2299 vino
530 2224 745 2306 Melanippide
765 2225 1001 2305 manumissus,
1023 2225 1095 2288 sive
1116 2231 1242 2287 mortuo

202 2327 283 2392 hero
305 2329 337 2390 in
361 2327 539 2393 liberiorem
555 2327 736 2409 restitutus,
759 2336 928 2409 postquam
947 2327 990 2389 ad
1004 2345 1162 2397 summum
1183 2342 1242 2387 sex

203 2440 370 2513 septemve
392 2446 495 2497 anuos
517 2450 633 2494 servus
653 2430 724 2493 fuit.
770 2429 840 2494 Hoc
862 2430 929 2494 lere
951 2440 1077 2513 tempus
1098 2430 1189 2493 floris
1212 2439 1243 2492 et

205 2533 330 2618 gloriae
354 2531 524 2601 Philoxeni
547 2534 687 2614 initium3
717 2553 737 2597 a
758 2534 923 2598 servitutis
945 2532 1085 2596 vinculis
1107 2532 1241 2596 liberato

203 2640 239 2703 iu
262 2639 470 2722 vegetissima
492 2647 594 2700 aetate
616 2642 705 2712 (uam
726 2637 781 2699 vix
803 2634 888 2699 ultra
909 2637 1101 2720 vigesimum
1124 2652 1242 2699 anuum

205 2751 378 2825 provectus
400 2750 480 2818 erat)
503 2741 666 2823 ingenium
688 2738 857 2805 sublimius
871 2739 1048 2822 ferebatur,
1071 2741 1115 2803 ita
1130 2750 1165 2802 ut
1185 2758 1241 2802 ex·

128 2875 130 2878 ⁴
205 2848 335 2929 cepisse
356 2846 450 2929 quasi
471 2842 721 2926 Melanippidem
742 2841 943 2933 Philoxenus
966 2842 1137 2907 videretur.
1160 2878 1202 2888 -

291 2947 477 3013 Posteriora
500 2957 643 3029 tempore
662 2946 837 3032 Syracusis
859 2948 944 3030 apud
959 2948 1154 3033 Dionysium
1175 2968 1242 3015 ma·

202 3053 306 3138 joram
324 3052 537 3117 Philoxenum
559 3053 734 3133 reperimus
756 3051 869 3128 (Diod.
892 3049 957 3116 Sie.
974 3052 1047 3136 XV,
1070 3054 1124 3135 6),
1147 3072 1242 3137 quem

205 3170 240 3224 ut
261 3158 422 3223 hominem
444 3156 572 3221 doctum
595 3164 627 3221 et
648 3174 665 3218 a
688 3157 798 3238 pneris
821 3155 942 3219 artibus
964 3157 1114 3241 ingenuis
1136 3155 1242 3221 erudi·

204 3275 271 3328 tum
293 3262 377 3340 (Cic.
392 3261 489 3324 Tusc.
511 3281 564 3345 qu.
576 3261 618 3342 V,
642 3263 698 3340 22)
719 3279 784 3324 nou
807 3262 913 3323 minus
927 3277 1023 3343 quarn
1047 3258 1128 3322 alios
1141 3256 1242 3322 Grae·

205 3384 265 3430 cos
297 3376 452 3449 tyrannos
485 3364 648 3430 literarum
678 3370 856 3452 artiumque
885 3365 1054 3429 literaliurn
1083 3366 1242 3429 fautorem

203 3468 322 3552 luisse,
351 3468 433 3533 adeo
461 3471 565 3553 ipsum
594 3490 658 3536 nou
681 3471 833 3535 mediocri
863 3470 969 3535 studio
991 3472 1024 3534 in
1047 3471 1243 3537 carminibus

203 3571 385 3636 condendis
407 3583 569 3636 versatum
598 3593 674 3637 esse
703 3583 829 3637 constat
842 3577 893 3651 ¹¹).
937 3573 1002 3655 Qui
1023 3576 1171 3657 quumvis
1193 3576 1242 3637 in·

205 3674 393 3740 felicissimo
422 3694 580 3740 successu
609 3679 703 3759 poesi
730 3696 860 3760 operam
890 3688 1025 3741 navaret·
1054 3688 1086 3742 et
1111 3680 1242 3761 ingenio

205 3779 334 3860 poetico
356 3788 497 3861 careret,
519 3780 563 3843 ita
585 3780 626 3843 ad
648 3800 719 3844 eam
734 3802 800 3845 rem
814 3783 876 3849 tuit
890 3783 1048 3863 intentus,
1072 3792 1123 3864 ut,
1146 3800 1242 3866 quam

205 3883 414 3967 cupidissime
446 3884 635 3968 appetebat,
677 3886 754 3948 honi
793 3895 910 3969 poetae
946 3885 1073 3953 laudem
1106 3884 1244 3950 bellicae

205 3985 330 4071 gloriae
352 3987 450 4071 longe
472 3988 661 4070 anteferret,
690 3988 768 4070 qnin
799 3988 895 4095 etiam
920 3988 952 4053 in
974 3997 1080 4053 castra
1102 3986 1243 4053 ethelin
