2916 4860
1198 443 1245 513 ,ll

155 614 157 617 ’
209 617 348 686 lexenus
371 619 609 702 interrogatus,
638 615 715 701 quid
744 618 877 683 sentiret
903 618 946 682 de
965 620 1025 702 iis,
1059 617 1146 683 aliud
1168 617 1249 682 nihil

210 725 308 806 dixit,
330 723 393 787 sed
413 725 575 786 ministros
589 722 723 807 tyranni
739 722 839 805 jussit
860 742 897 786 sc
918 724 1129 789 incurrerem
1151 722 1248 786 redu·

210 829 348 906 sareu).
392 825 571 912 Dionysius
593 845 691 911 quum
715 847 756 890 oe
780 826 874 892 malis
897 827 1027 910 quidem
1050 835 1248 890 constantem

209 941 326 1014 poetae
349 931 488 994 animum
516 929 654 993 fractum
681 949 756 995 esse
783 930 936 1011 vidisset,
966 931 1122 994 orationis
1151 929 1248 993 liber·

210 1044 308 1096 tatem
330 1033 401 1096 tulit
421 1043 454 1096 et
474 1033 610 1096 ridendo
625 1032 876 1123 indignationem
892 1033 1010 1097 celavit
1017 1054 1028 1115 3
1050 1033 1248 1096 Philoxenus

213 1149 336 1220 autem,
364 1138 492 1221 quoties
513 1147 627 1218 postea
650 1136 691 1199 de
712 1134 863 1223 Dionysii
886 1137 1036 1209 versibus
1059 1138 1249 1201 sententiam

211 1240 485 1323 interrogabatur,
508 1239 550 1303 ad
563 1239 801 1322 ambiguitatem
822 1240 856 1302 in
871 1238 1008 1303 dicendo
1032 1238 1148 1303 callide
1170 1257 1248 1303 con·

211 1344 374 1429 fugiebat,
398 1354 495 1426 atque
517 1335 666 1427 οἰκτροός
688 1361 747 1406 eos
770 1362 844 1405 esse
866 1341 1008 1424 dicebat,
1038 1360 1103 1426 qno
1126 1343 1249 1426 etipse

132 1476 141 1499 ι
211 1449 357 1511 veritatis
377 1446 485 1510 studio
507 1445 709 1509 satisfaceret
723 1464 791 1508 nec
813 1446 937 1529 tyranni
959 1444 1164 1529 ambitionem
1178 1447 1248 1510 vio·

212 1550 303 1613 laret.
347 1549 467 1613 Tamen
489 1551 645 1612 minorem
666 1548 821 1629 principis
849 1547 955 1611 favori
977 1546 1073 1610 fidem
1095 1546 1249 1610 habuisse

212 1642 353 1735 videtur,
376 1660 545 1736 quamut,
568 1669 665 1734 quum
679 1651 724 1712 ita
744 1667 798 1729 pes
820 1659 945 1732 essent,
968 1669 1103 1715 securus
1119 1669 1191 1712 eum
1207 1667 1248 1712 eo

211 1760 354 1841 viveret,
377 1756 623 1821 inconstantiam
637 1755 764 1839 tyranni
778 1754 900 1817 veritus
915 1754 1010 1817 aliam
1024 1753 1135 1816 sedem
1150 1772 1249 1836 quae·

212 1882 284 1926 rere
314 1863 413 1925 tutius
444 1878 518 1923 esse
547 1870 635 1921 ratus
665 1867 723 1920 est.
766 1853 813 1918 lta
832 1857 972 1940 ¹quidem
994 1854 1158 1920 Diodorus
1180 1875 1250 1919 rem

213 1977 330 2029 narrat.
373 1964 477 2028 Paulo
500 1965 591 2027 aliter
612 1961 806 2026 Plutarchus
820 1963 877 2041 ¹⁶),
905 1961 960 2043 qui
982 1961 1016 2023 in
1037 1961 1153 2022 ceteris
1175 1977 1250 2023 cunr

214 2069 270 2133 illo
293 2071 499 2133 consentiens
528 2067 592 2129 hoc
620 2065 726 2128 solum
748 2063 852 2145 addit,
885 2062 1098 2127 Philoxenum
1121 2073 1250 2146 tragoe-

217 2162 300 2235 diam
324 2191 343 2234 a
362 2170 521 2255 Dionysio
544 2170 606 2233 sibi
629 2170 850 2251 corrigendam
874 2168 1020 2232 traditam
1044 2178 1141 2231 totam
1164 2168 1252 2233 dele·

215 2277 305 2338 visse
335 2285 367 2337 et
395 2275 597 2337 exstinxisse.
648 2271 698 2335 De
727 2271 888 2335 Athenaei
903 2273 941 2348 ¹⁰)
972 2273 1143 2352 dissensu,
1175 2272 1251 2335 ideo
1277 2357 1279 2361 ¹

213 2388 341 2461 poetam
374 2379 409 2440 in
441 2396 603 2440 carcerem
636 2374 816 2456 coniectum
850 2396 924 2440 esse
952 2378 1129 2459 narrantis,
1164 2378 1252 2460 quod

213 2482 364 2545 tibicinae
386 2480 553 2564 cujusdam
583 2496 693 2541 amore
716 2479 839 2562 tyranni
869 2477 1062 2564 zelotypiam
1084 2482 1251 2563 movisset,

216 2584 292 2668 quid
315 2583 517 2647 statuendum
541 2584 581 2645 sit
603 2581 684 2645 infra
708 2581 899 2647 videbimus.
922 2618 964 2628 -

300 2686 501 2750 Philoxenus
524 2683 697 2770 Syracusis
720 2702 891 2766 egressus,
913 2686 1036 2767 inscia,
1059 2694 1093 2749 ut
1114 2686 1252 2768 videtur,

215 2788 393 2874 Dionysio,
420 2788 593 2852 Tarentum
608 2790 647 2865 Π)
669 2807 706 2850 se
729 2786 881 2871 contulit,
911 2790 1020 2873 ibique
1041 2810 1100 2872 per
1122 2789 1254 2875 aliquod

216 2906 342 2976 tempus
372 2896 579 2958 commoranti
608 2913 708 2976 saepe
737 2892 837 2957 literis
865 2894 974 2957 missis
1002 2903 1159 2978 tyrannus
1181 2914 1254 2975 pen

215 2997 353 3060 suadere
375 3005 510 3061 conatus
534 3005 600 3076 est,
627 3005 661 3059 ut
683 2996 726 3058 ad
747 3016 784 3059 se
806 2997 931 3059 rediret.
950 2982 957 2987 ’
974 2993 1027 3058 Ad
1051 3006 1147 3079 pocta
1170 2998 1254 3062 iovi-

217 3100 353 3168 tatiooes
374 3103 568 3184 repudiavit,
591 3100 668 3179 nihil
683 3100 772 3163 aliud
786 3119 845 3181 pro
862 3101 1076 3182 responsione
1098 3100 1131 3161 in
1153 3117 1253 3162 mem-

215 3206 315 3270 brana
335 3208 492 3288 pingens,
521 3225 616 3288 quam
645 3205 769 3268 literam
798 3194 817 3268 ὀ
837 3223 937 3287 saepe
959 3205 1125 3286 repetitam
1146 3202 1252 3279 (Suid.

218 3301 327 3390 waldi.
349 3300 510 3395 γραμμάτ.
544 3308 736 3390 Diogenian.
754 3307 842 3389 Vlll,
864 3310 941 3390 at),
964 3309 1254 3376 vetustissimorum

216 3412 413 3477 Graecorum
436 3423 568 3476 secutus
590 3431 701 3494 usum,
735 3413 790 3496 qui
819 3410 873 3475 illa
896 3411 989 3476 litera
1011 3431 1071 3493 pro
1093 3409 1253 3475 vocabulo

210 3509 257 3581 orl
278 3518 323 3580 uti
346 3516 493 3581 solebant
507 3519 557 3593 ¹⁸).
582 3553 624 3564 -

300 3623 350 3687 Ex
370 3622 495 3706 reliqua
517 3622 693 3687 Philoxeni·
715 3624 782 3686 vita
810 3621 1005 3705 paucissima
1040 3619 1253 3682 innotuerunt.

215 3724 354 3788 Tarento
376 3726 460 3788 enim
483 3725 596 3788 relicto
612 3726 761 3790 audimus
777 3745 849 3788 eum
872 3726 905 3787 in
922 3721 1090 3786 Graeciam
1108 3720 1253 3791 rediisse.

213 3840 246 3892 et
272 3830 410 3912 primum
439 3828 567 3912 quidem
596 3827 784 3894 Corinthum
814 3828 941 3893 videtur
968 3828 1104 3910 petiisse
1136 3825 1253 3902 (schol.

211 3932 255 3996 ad
277 3931 443 4015 Aristoph.
465 3930 660 4013 plut-tuot.
684 3969 724 3981 -
1144 3946 1147 3949 ·

301 4034 461 4116 Quamdiu
482 4035 527 4099 ibi
551 4046 701 4101 versatus
722 4037 843 4101 sitnon
866 4037 969 4119 magis
992 4042 1134 4115 constat,
1157 4050 1253 4118 quom
