2916 4860
1067 388 1085 423 o
1125 438 1129 451 r

245 610 309 659 nae
340 564 635 679 corrumperentur,
675 590 750 656 data
788 609 866 657 esse
898 562 1081 658 bominibus
1114 590 1282 661 videbatur

246 696 345 776 (Plat.
366 697 408 763 de
433 697 522 784 legg.
543 696 591 781 ll,
621 718 653 781 p.
673 698 769 780 654),
801 696 843 761 ad
872 713 980 759 mores
1006 703 1073 759 tola
1102 692 1282 778 pertinebat

244 799 385 883 ideoque
405 798 532 865 duabus
553 798 690 865 maxime
718 797 818 864 rebus
843 796 1023 863 arctissimo
1045 793 1175 860 vinculo
1198 795 1281 859 inter

245 918 284 967 se
304 900 483 987 conjunctis
498 902 664 985 aptissima
684 909 769 984 erat,
791 900 925 966 deorum
938 899 1038 965 cultui
1050 908 1084 962 et
1101 896 1281 982 juventutis

246 1001 430 1067 educationi
451 1002 547 1084 (Plut.
569 1002 610 1067 de
631 1023 713 1068 mus.
736 1023 765 1068 o.
786 1004 854 1085 27).
897 1001 985 1067 Nihil
1013 1018 1186 1085 puerorum
1213 1000 1280 1063 ani·

245 1103 307 1169 uris
328 1103 370 1167 ad
391 1102 591 1171 honestatem
613 1114 644 1168 et
666 1106 814 1171 virtutem
834 1104 993 1190 lingendis
1018 1103 1123 1186 aplius
1145 1101 1282 1166 Graecis

246 1205 529 1288 accedebatur,
563 1225 658 1290 quem
686 1208 828 1289 musica,
860 1205 964 1289 quod,
996 1215 1031 1268 ut
1051 1202 1145 1266 Plato
1174 1202 1283 1285 (Repu,

245 1329 277 1392 p
299 1307 361 1374 401
385 1307 431 1389 1))
451 1309 545 1392 dicit,
574 1308 740 1394 rhythmus
767 1317 799 1372 et
824 1307 991 1372 barmonia
1011 1308 1046 1369 in
1067 1306 1209 1373 intimum
1230 1307 1280 1368 in·

245 1419 365 1477 trureut
385 1411 524 1475 animum
541 1411 743 1492 maximaque
756 1409 791 1473 vi
811 1427 884 1473 eum
901 1407 1064 1473 allicerent
1080 1418 1112 1473 et
1129 1408 1280 1473 decorum

245 1512 428 1579 redderent.
468 1511 519 1577 Ex
540 1510 604 1576 bno
632 1509 836 1595 intelligitur,
870 1529 929 1575 cur
949 1511 1068 1576 Graeci
1095 1520 1181 1574 tanta
1208 1529 1281 1574 oum

246 1620 425 1686 consancta
445 1620 479 1682 in
501 1637 539 1683 ea
561 1618 704 1683 musicae
725 1616 846 1699 forma,
875 1634 959 1700 quae
981 1634 1000 1678 a
1021 1613 1196 1700 majoribus
1218 1630 1280 1679 tra*

245 1721 312 1787 dita
333 1732 367 1786 et
386 1708 544 1787 vetustate
565 1720 690 1784 sancita
712 1727 814 1800 esset,
846 1716 1083 1799 persistendum
1110 1734 1185 1780 esse
1205 1733 1281 1781 oen·

246 1835 384 1909 euerint,
415 1835 448 1891 et
476 1833 563 1889 tanta
588 1840 663 1888 cum
684 1821 854 1894 severitate
875 1838 933 1885 eos
954 1819 1192 1904 prohibuerint,
1225 1820 1281 1903 qui

246 1946 307 1993 sua
326 1927 457 1990 iuventa
477 1924 599 1989 inferre
616 1925 649 1989 in
671 1925 827 1991 musicam
842 1936 1035 1989 conarentur
1056 1925 1105 2006 (id
1121 1940 1204 2009 quos
1221 1941 1283 1989 nos

246 2028 289 2095 ab
311 2027 487 2099 excolenda
516 2036 585 2091 arte
607 2027 839 2093 alienissimum
868 2048 943 2093 esse
964 2028 1187 2113 arbitramur),
1218 2047 1283 2093 uon

246 2150 312 2216 quo
340 2132 430 2203 nimii
457 2131 574 2195 suerint
605 2133 758 2215 temporis
786 2133 850 2196 acti
878 2130 1082 2214 laudatores,
1116 2131 1176 2196 sed
1208 2132 1283 2215 quia

245 2251 319 2299 oum
341 2234 464 2298 musica
482 2233 586 2318 ipsam
604 2237 801 2320 reipublicae
818 2232 952 2300 formam
969 2243 1122 2301 mutatum
1137 2236 1176 2299 iri
1194 2243 1283 2299 recte

246 2324 473 2403 intellexerunt
494 2337 591 2414 (Plat.
606 2337 706 2422 repbl.
721 2359 753 2422 p.
769 2340 835 2404 424
846 2338 897 2415 C).
931 2336 1131 2420 Quamquam
1145 2336 1288 2423 antiquis

246 2440 342 2505 etiam
359 2436 561 2523 'temporibus
579 2451 701 2506 mutata
723 2462 788 2507 non
810 2460 914 2525 pauca
935 2442 969 2505 in
998 2460 1036 2504 re
1064 2442 1186 2505 mosim
1208 2449 1284 2505 sunt
1365 2456 1368 2461 ⁴

247 2553 280 2608 et
301 2543 343 2609 ab
363 2543 548 2609 homiuibus
575 2545 723 2629 quidem,
757 2565 839 2630 qrros
867 2546 987 2628 optime
1013 2544 1057 2608 de
1084 2563 1124 2608 ea
1152 2545 1284 2609 meritus

247 2665 323 2712 esse
355 2655 483 2711 veteres
516 2645 700 2733 jactabant,
740 2661 776 2714 ut
814 2670 834 2714 a
869 2648 1074 2734 Terpandro,
1113 2647 1283 2729 Alcmene,

248 2745 438 2814 stesichoro
451 2749 510 2832 ⁴⁴);
541 2750 601 2814 sed
623 2770 682 2817 eae
705 2761 797 2816 eruut
818 2753 1027 2834 mutationes,
1055 2769 1154 2834 quas,
1184 2768 1283 2834 quum

229 2838 268 2914 'a
288 2850 420 2932 pristina
442 2850 696 2934 pulchritudine,
720 2857 920 2945 constantia,
947 2853 1133 2936 honestate,
1150 2852 1282 2936 simpli·

247 2953 359 3035 uitale,
382 2953 499 3038 quibus
521 2955 651 3039 antiqua
674 2956 817 3021 musicae
830 2942 949 3039 genera
963 2958 1110 3041 insigniri
1128 2956 1283 3037 emovi),

246 3074 312 3122 nou
334 3057 544 3140 desisterent,
566 3058 751 3140 respublica
772 3078 833 3123 sua
854 3062 1043 3130 auctoritate
1071 3063 1197 3151 sancire
1219 3079 1283 3125 non

247 3160 423 3244 dubitaret,
443 3162 489 3224 ita
510 3171 545 3224 ut
567 3179 632 3227 uon
653 3164 854 3248 singulorum
877 3163 1039 3227 bominum
1061 3165 1202 3247 inventa,
1224 3163 1284 3227 sed

247 3267 345 3330 totius
367 3265 477 3348 populi
499 3268 629 3350 propria
647 3286 722 3331 esse
739 3267 932 3332 viderentur.
970 3264 1043 3346 Quo
1056 3267 1162 3351 magis
1177 3276 1289 3329 autem·

247 3371 392 3435 musicae
413 3369 619 3435 fundamenta
641 3371 674 3435 in
696 3370 796 3436 rebus
818 3369 956 3455 publicis
969 3369 1030 3450 ⁴⁶),
1051 3366 1086 3432 in
1108 3389 1196 3434 more
1217 3386 1284 3431 ma·

248 3471 371 3556 jocum,
411 3471 550 3556 denique
587 3474 621 3536 iu
654 3492 818 3571 sacrarum
849 3493 974 3539 rerum·
988 3472 1146 3555 religione
1179 3473 1285 3554 posita

248 3584 356 3659 eant,
385 3594 425 3641 cc
446 3575 599 3660 majorem
625 3575 696 3642 lieri
717 3578 765 3640 rci
786 3578 931 3641 musicae
953 3575 1231 3639 commutationem
1254 3585 1286 3639 et

248 3678 497 3743 conversionem
518 3697 654 3743 necesse
676 3687 761 3762 erat,
783 3668 954 3761 postquam
973 3674 1103 3740 vincula
1116 3675 1191 3759 illa,
1213 3678 1284 3760 qui·

250 3780 312 3844 bus
345 3790 439 3844 antea
470 3779 709 3861 continebatur,
742 3780 826 3844 solvi
857 3790 888 3843 et
916 3778 1055 3843 subduci
1083 3778 1285 3843 iirndameuta
1313 3797 1315 3802 ·

249 3890 435 3963 coeperunt.
486 3882 602 3947 Libera
635 3881 765 3966 quidem
798 3880 873 3946 inde
905 3879 988 3944 sacta
1021 3898 1062 3943 eo
1094 3881 1285 3964 pervenisse

249 3982 436 4066 videbatur,
458 3994 493 4048 ut
506 3984 634 4051 nonnisi
648 3984 700 4066 iis,
722 4002 804 4067 quas
819 3984 890 4067 ipsa
904 3982 1135 4067 constituisset,
1157 3982 1285 4067 legibus
