2916 4860
237 438 283 508 54

236 618 479 683 oenllae'eausa
506 617 681 705 Cyclopem
703 618 903 698 condidisse,
933 620 975 682 ita
997 617 1206 684 ut·tihioinae
1224 620 1273 684 illi

237 720 406 804 Galateae,
428 722 492 785 sihi
505 722 566 804 ipsi
577 718 707 805 Ulyssis
718 729 832 802 partes
840 722 941 805 daret,
967 721 1275 808 Dionysiadenique

236 823 391 909 Cyclopis
413 842 584 908 personam
607 823 785 907 imponeret
796 826 848 901 ⁹⁸).
882 818 958 890 lllos
980 836 1127 891 auetoms
1150 838 1274 890 nostra·

235 941 301 1012 tes,
330 930 386 1011 qui
415 927 456 990 de
478 926 647 991 Philoxeni
678 928 743 990 vita
766 929 1023 993 straminibus
1044 928 1274 1014 disseruerunt,

236 1033 339 1097 seuuti
361 1044 436 1095 sunt
458 1050 588 1123 omnes,
611 1050 803 1115 quamquam
826 1035 859 1097 11
881 1034 1021 1120 singulis
1042 1036 1171 1101 minime
1191 1037 1275 1100 inter

235 1154 272 1199 se
294 1137 509 1200 consentiunt.
542 1131 624 1197 Nem
642 1133 861 1217 Bergleinius,
883 1139 959 1221 quia
970 1136 1124 1224 Cyclopis
1147 1157 1273 1202 umores
1311 1152 1313 1157 ’
1346 1180 1355 1193 1
1398 1194 1407 1202 .

234 1241 363 1303 nonnisi
385 1238 555 1303 embolium
578 1236 738 1320 quoddam
752 1237 854 1302 fuisse
871 1240 1058 1323 arbitretur,
1082 1238 1186 1305 Ulixis
1201 1260 1274 1324 per·

235 1336 347 1407 sonem
370 1341 412 1405 ed
424 1340 590 1408 Galateam
614 1337 787 1425 nympham
802 1341 996 1423 pertinuisse
1011 1343 1145 1407 omniuo
1158 1355 1272 1429 neget,

234 1447 408 1529 Blppartus
429 1445 555 1529 (plX.)
577 1454 682 1508 autem
704 1463 778 1508 cum
797 1443 918 1527 majore
941 1448 1009 1511 veri
1025 1449 1135 1530 speeie
1147 1446 1273 1513 Ulixem

235 1570 253 1616 a
276 1550 457 1615 Philoxeno
471 1548 660 1634 Polyphemi
685 1547 845 1611 aemulum
868 1549 983 1613 fectum
1007 1570 1082 1614 esse
1104 1553 1273 1616 existimat.

234 1655 312 1719 Mihi
337 1665 480 1719 neutram
503 1654 625 1736 plaeet3
648 1653 781 1736 frustra,
804 1656 836 1717 ni
858 1655 971 1737 111111,
995 1657 1056 1719 viri
1070 1655 1273 1721 duetiinhao

233 1778 268 1822 re
292 1760 493 1840 lahorammt,
516 1758 543 1820 si
567 1755 713 1839 quidem,
737 1757 771 1820 id
792 1757 879 1840 quod
901 1777 1093 1840 persuasum
1114 1759 1191 1822 mihi
1214 1771 1273 1843 est,

233 1882 297 1926 111
322 1882 418 1942 vera,
440 1859 499 1924 sed
521 1855 794 1923 fictaAtheaaeus
817 1860 956 1925 tradidit.
989 1861 1188 1946 Quemquam
1209 1861 1274 1926 hoe

235 1956 354 2051 negare
375 1965 469 2047 nolo,
492 1963 596 2028 luisse
618 1961 772 2025 nonnulla
795 1964 829 2026 in
851 1962 994 2049 Cytherii
1017 1978 1180 2049 poemate,
1202 1968 1273 2051 qui·
1358 2037 1362 2042 ,

232 2071 294 2133 hus
327 2069 411 2133 haud
446 2067 571 2131 occulte
603 2068 729 2152 tyranni
760 2087 868 2132 mores
902 2080 1123 2152 commentum
1171 2070 1271 2137 Nihili

233 2174 363 2258 quidem
385 2173 485 2253 iasio,
509 2171 596 2255 quod
619 2166 720 2234 schol.
743 2170 785 2234 ad
806 2170 906 2235 Arist.
928 2171 1012 2236 Plut.
1033 2175 1151 2252 2900')
1173 2175 1207 2238 in
1228 2192 1270 2239 eo

233 2278 381 2363 Dionysii
405 2296 478 2340 eum
491 2274 634 2362 Cyclope
656 2275 892 2340 similitudinem
907 2279 1046 2360 positam
1060 2277 1162 2342 foisse
1183 2279 1270 2362 dieit,

233 2383 320 2467 quod
338 2380 516 2467 Dionysius
539 2380 698 2446 lusciosos
719 2379 820 2445 luerit·
835 2383 998 2458 (nimirum
1020 2384 1109 2449 aliud
1131 2395 1181 2450 est
1202 2385 1270 2450 lus-

234 2487 357 2550 eiosmn
379 2504 470 2567 esse,
493 2483 579 2548 aliud
597 2485 779 2569 coelitem);
800 2487 860 2550 sed
880 2489 912 2550 in
932 2488 1005 2553 aliis
1022 2490 1120 2555 rebus
1135 2501 1271 2575 possunt

234 2589 381 2674 quidem,
403 2587 499 2649 modo
522 2587 619 2671 paulo
640 2586 826 2672 diligentius
848 2591 1023 2675 intuearis,
1046 2593 1271 2661 similitudines

164 2735 171 2745 ,
234 2691 391 2778 quaedam
412 2690 556 2772 reperiri.
601 2688 750 2773 Constat,
781 2686 972 2778 Dionysium
999 2714 1191 2780 quamquam
1213 2697 1270 2761 ad·

235 2816 331 2859 versa
359 2792 453 2856 Musa
482 2791 631 2857 versibus
661 2793 819 2859 faciendis
847 2814 978 2879 operam
996 2798 1160 2880 ,dedisse3
1193 2799 1271 2885 quid

236 2904 331 2986 igitur
353 2901 483 2982 mirum,
507 2910 649 2980 poetam,
679 2901 733 2984 qui
755 2919 820 2983 quo
843 2903 945 2985 magis
967 2902 1045 2986 quid
1067 2901 1187 2967 valeret
1207 2903 1270 2968 sihi

235 3007 385 3071 eonseius
408 3014 493 3085 eret,
516 3021 555 3065 eo
578 3001 742 3085 indignius
764 3001 902 3067 hominis
922 3005 1012 3087 parvi
1026 3007 1270 3070 ostentationem

235 3120 332 3195 atque
352 3112 385 3172 in
408 3106 539 3188 eodem,
563 3124 628 3190 quo
649 3107 719 3188 ipse
738 3108 927 3190 excelleret,
950 3128 1070 3194 genere
1085 3109 1271 3178 aemulatio·

236 3232 309 3278 nem
329 3212 468 3293 ferebat,
502 3230 601 3292 supra
630 3208 725 3271 etiam
746 3209 885 3273 vinculis
913 3210 955 3273 oh
983 3213 1073 3294 ipsus
1095 3213 1199 3277 malos
1220 3224 1270 3300 ty·

235 3317 325 3379 renni
345 3310 861 3396 111υεί11111111111111111115
884 3314 960 3398 quid
978 3317 1108 3399 mirum,
1130 3310 1270 3401 poetam,

236 3416 333 3504 quum
354 3428 400 3480 tot
421 3418 490 3480 irae
512 3416 671 3500 simulque
699 3415 785 3480 risus
808 3436 927 3483 causae
949 3433 1077 3502 essent,
1107 3424 1149 3486 ita
1171 3422 1270 3509 Poly·

236 3522 385 3606 phemum
407 3519 572 3584 Musarum
595 3538 693 3603 opera
715 3525 817 3587 amori
841 3525 1020 3590 medentem
1043 3527 1270 3610 introduxisse,

236 3637 270 3690 ut
308 3626 446 3710 agrestis
486 3624 661 3709 inoultiquu
697 3627 836 3690 hominis
874 3627 1152 3693 lamentationibus
1179 3629 1270 3694 multi

237 3732 430 3797 audientium
453 3733 555 3814 ipsius
576 3733 663 3815 regis
685 3731 912 3799 versificatoris
934 3725 1091 3814 ἀμουσίαν
1112 3733 1269 3816 deplutam

237 3853 311 3899 esse
339 3833 560 3920 intelligerent.
604 3832 717 3921 Neque
744 3855 827 3921 quae
856 3838 898 3901 ad
926 3839 1030 3922 ipsum
1059 3837 1270 3905 Philoxenum

237 3939 436 4021 respicerent
471 3936 573 4002 tuisse
607 3939 639 4001 in
672 3940 812 4003 carmine
845 3957 946 4026 nego;
985 3941 1049 4005 imo
1083 3941 1182 4007 verba
1214 3940 1269 4006 illa

238 4040 366 4127 Ulyssis
408 4043 440 4103 in
480 4051 573 4104 antro
613 4041 729 4108 inclusi
771 4041 855 4129 solu
897 4036 972 4127 u'd
996 4043 1119 4130 δαίμων
1161 4043 1271 4135 adeam
