2916 4860
1161 425 1205 490 39

166 604 289 678 potest,
323 594 416 661 Plato
445 615 509 661 uon
537 596 668 658 formam
696 596 866 676 carminis,
895 595 956 659 scd
984 604 1206 679 argumentum

166 700 286 783 quippe
315 710 410 781 poeta
438 697 606 784 indignum
633 702 797 783 exagitare
831 697 949 781 votum
983 708 1206 783 praeterquam

167 801 254 886 quod
287 804 468 883 nescimus,
502 802 541 865 ad
575 822 671 887 quam
701 802 851 868 Conuiuii
880 812 1004 885 partem
1031 801 1206 866 hexametri

167 905 213 969 iili
235 907 431 987 pertineant,
462 909 536 992 quia·
566 905 695 968 nonnisi
724 903 902 989 fragmenta
934 904 1020 968 iliius
1050 905 1206 987 pcemmis

147 994 334 1071 habemus.

255 1111 402 1176 athaes
424 1112 464 1175 dc
487 1123 619 1176 auctore
641 1113 740 1193 satis,
770 1129 964 1195 quaeramus
986 1112 1026 1175 dc
1040 1125 1205 1195 tempore.

170 1212 263 1277 Plato
284 1214 382 1295 igitur
402 1215 436 1277 in
457 1213 591 1279 Phaone
613 1215 739 1295 falmia,
762 1235 857 1298 quam
880 1215 931 1280 ot.
954 1219 1007 1298 97,
1032 1220 1053 1281 2
1075 1230 1120 1289 ta.
1142 1216 1203 1282 391

170 1338 199 1381 a.
222 1316 312 1390 Chr.)
341 1318 450 1385 docuit
481 1318 535 1398 (cf.
557 1317 699 1383 Meinck.
730 1318 801 1382 hist.
825 1319 894 1381 crit.
917 1320 1068 1384 comicor.
1091 1319 1207 1385 Graec.

170 1443 201 1505 p.
236 1423 329 1503 187),
371 1421 411 1485 ad
445 1420 638 1487 Conuiuium
672 1413 799 1501 alludit,
833 1419 1068 1503 Aristophanes
1101 1431 1207 1485 autem

169 1526 255 1590 idem
288 1544 352 1590 non
388 1525 527 1589 obscure
557 1526 589 1588 in
620 1521 859 1589 Ecclesiaausis
892 1531 992 1608 (quae
1022 1522 1073 1587 ot.
1102 1526 1156 1605 96,
1186 1522 1209 1587 4

145 1628 264 1695 docta
292 1648 366 1693 esse
389 1628 545 1709 creditur,
577 1644 769 1712 quamquam
802 1629 843 1692 de
870 1626 942 1711 eJus
971 1638 1116 1710 tempore
1142 1644 1208 1692 nou

169 1742 259 1797 certo
281 1741 421 1807 constan
444 1731 606 1814 designat,
629 1731 715 1793 unde
737 1750 822 1795 anno
845 1732 974 1795 circiter
994 1731 1059 1798 393
1081 1749 1111 1794 a.
1134 1728 1208 1796 Chr.

170 1854 286 1920 poema
297 1832 444 1897 Athenas
458 1831 647 1897 translatum
667 1852 742 1898 esse
764 1845 907 1923 apparet.
940 1833 1080 1898 Carmen
1103 1844 1208 1899 autem

170 1937 258 2023 quod
291 1957 356 2001 non
389 1938 436 2002 rei
470 1935 706 2021 magnitudine,
745 1936 804 1999 sad
845 1937 917 2019 ipsa
951 1936 1080 2002 leuitate
1114 1938 1210 2000 aetati

172 2040 356 2107 levissimae
377 2040 666 2121 commendaretur,
697 2041 824 2104 nonnisi
848 2042 990 2106 nouitate
1020 2060 1060 2105 ac
1073 2041 1207 2105 ,racemi

174 2144 282 2224 specie
304 2141 433 2225 placere
455 2141 637 2207 hominihus
660 2153 793 2229 poterat,
837 2142 921 2207 Nam
943 2142 1209 2226 Atheniensibus,

176 2263 273 2327 quum
297 2245 374 2323 dies,
398 2263 483 2310 noua
516 2257 716 2329 procrearet,
757 2247 1028 2331 Atheniensibus,
1068 2250 1210 2333 inquam,

175 2356 253 2411 tunc
279 2348 418 2412 omnium
445 2366 549 2412 rerum
578 2347 619 2411 ad
642 2348 750 2411 literas
773 2352 998 2432 pertinentium
1020 2350 1156 2415 ducibus
1179 2361 1212 2416 ct

173 2449 386 2533 principibus,
417 2452 471 2513 uix
498 2450 686 2514 crediderim
708 2451 741 2513 id
770 2451 989 2535 satisfecisse,
1021 2451 1109 2536 qood
1139 2453 1211 2517 aliis

173 2553 280 2617 tritum
296 2572 335 2617 ac
351 2564 444 2617 uetus
459 2565 557 2634 esset,
580 2572 686 2636 neque
701 2552 845 2634 profecto
861 2554 977 2618 comici
990 2555 1074 2618 intra
1086 2572 1210 2636 paucos

174 2674 276 2719 annos
307 2656 390 2720 idem
418 2675 544 2721 carmen
573 2657 722 2720 irrisione
749 2657 880 2739 dignum
909 2657 1114 2738 habuissent,
1148 2658 1210 2722 nisi

174 2777 290 2825 recens
317 2779 335 2823 a
365 2770 457 2841 partu
488 2758 651 2823 hominum
681 2759 806 2822 aainros
836 2760 1057 2840 permovisset.
1102 2760 1212 2844 ltaque

176 2882 239 2926 non
272 2862 372 2925 mutto
406 2874 479 2927 ante
513 2860 564 2925 01.
588 2864 642 2941 96,
669 2864 692 2924 4
721 2859 914 2924 Couuivium
943 2864 1105 2927 conditum
1135 2883 1212 2929 essa

174 2977 290 3029 statuo.
313 3003 350 3014 —
385 2965 423 3030 Si
453 2968 525 3049 quis
552 2977 720 3050 praeterea
748 2984 813 3050 quo
841 2964 915 3028 loco
942 2984 1072 3030 carmen
1103 2977 1211 3030 natum
1322 2966 1326 2973 '

175 3071 217 3133 sit
246 3071 384 3153 quaerit,
418 3079 504 3133 recte
534 3089 551 3132 a
575 3067 717 3152 Bergkio
746 3068 898 3130 monitum
928 3077 996 3148 est,
1030 3065 1210 3132 Sicularum

176 3176 292 3257 dapum
315 3175 346 3238 id
370 3177 463 3260 quasi
485 3175 669 3237 memoriam
697 3182 859 3255 repetere,
886 3190 968 3253 quas
998 3170 1080 3233 adeo
1111 3170 1211 3234 incla-

176 3278 282 3341 ruisse
303 3278 476 3360 amiquitns
497 3286 639 3355 constat,
668 3285 702 3337 ut
732 3276 762 3336 in
785 3272 948 3359 prouerbii
971 3292 1064 3337 usum
1087 3274 1214 3337 abirent

175 3378 308 3451 (Athen.
330 3378 409 3460 XH,
432 3380 492 3459 at,
516 3399 546 3460 p.
563 3381 642 3443 5¹27.
680 3376 855 3441 Mitschcul.
880 3375 921 3439 ad
945 3374 1054 3440 Horat.
1078 3374 1138 3440 Od.
1156 3375 1212 3455 111,

179 3484 297 3562 1,181.
343 3483 376 3544 ln
400 3481 510 3545 Sicilia
542 3492 647 3544 autem
678 3500 717 3543 eo
741 3494 900 3562 tempore,
931 3498 996 3563 qun
1020 3480 1213 3545 Conuiuium

177 3589 340 3653 conditum
372 3607 446 3652 esse
473 3589 661 3666 statuimus,
694 3589 766 3651 sine
797 3584 895 3648 dutiiu
917 3581 1116 3645 Philoxenus
1137 3581 1213 3663 tuit,

177 3712 259 3756 mam
283 3693 411 3756 circiter
433 3691 483 3756 01.
507 3693 559 3769 97,
586 3694 597 3753 i
620 3689 766 3774 Dionysii
789 3687 895 3752 auiam
918 3684 1041 3747 adiisse
1063 3701 1133 3745 enm
1158 3703 1214 3743 uc·

177 3794 310 3857 uisimiie
333 3804 397 3874 est,
420 3792 535 3876 etjam
559 3786 729 3877 antequam
751 3811 820 3853 aaran
841 3788 958 3869 adiret,
982 3788 1014 3850 in
1038 3786 1091 3849 ilia
1110 3784 1213 3848 insula

178 3895 348 3977 habitauit,
377 3898 408 3958 in
432 3914 494 3978 qua
524 3878 619 3959 etiam
642 3893 806 3975 praedium
830 3890 939 3955 hahuit
962 3903 1049 3963 (nam
1072 3889 1103 3951 id
1127 3887 1215 3971 qnod

178 3999 341 4064 Plutarch.
365 4000 405 4061 de
430 4000 484 4081 uit.
507 4018 573 4073 aer,
594 3996 688 4058 alien.
714 4007 786 4056 tom.
803 3993 864 4074 lX,
888 4014 917 4075 p.
940 3993 1005 4059 305
1027 3991 1090 4055 edt.
1104 3990 1214 4054 Reisk.
