2916 4860
378 390 394 417 ἱ

1173 430 1213 497 at

178 593 275 682 oront
303 597 379 662 binc
409 594 462 663 vel
490 597 580 664 illino
608 618 678 664 eam
712 599 883 684 intuearis,
916 618 1077 686 quumque
1099 597 1216 685 J'udicil

179 703 292 787 regula
315 721 379 769 non
403 706 505 788 magis
526 706 557 767 in
574 706 647 786 ipsa
664 724 717 787 re,
739 724 834 788 qnam
850 706 883 768 io
901 704 992 788 ejas,
1014 706 1068 788 qui
1079 703 1216 789 judicat,

180 807 288 868 animo
310 808 416 888 posita
438 809 496 889 sit,
518 808 864 891 undcproliciscamur
878 819 955 872 ante
973 811 1081 872 omnia
1103 809 1215 874 viden·

179 908 254 971 dnm
277 919 337 971 est.
381 907 566 973 Cavendum
596 921 701 974 autem
729 930 824 994 quam
850 908 1092 976 maxime'esse
1120 912 1215 976 nobis

180 1011 323 1092 videtur,
356 1033 397 1076 ne
426 1023 538 1076 nostro
567 1014 609 1077 de
638 1013 735 1077 rebus
765 1010 897 1077 musicis
913 1012 1038 1096 Judicio
1067 1025 1215 1098 tanquam

180 1116 275 1177 unice
297 1134 377 1178 vero
399 1134 440 1179 ac
460 1115 692 1198 perfectissimo
714 1115 893 1179 absolutam
907 1116 1001 1180 fidem
1015 1116 1215 1180 vindicemus

180 1215 236 1291 (ci.
273 1215 394 1281 Boeltb.
429 1217 470 1278 dc
503 1226 593 1280 metr.
626 1215 721 1279 Pind·
751 1236 781 1299 p.
815 1220 906 1294 240).
957 1216 1090 1282 Constat
1119 1221 1215 1297 enim,

179 1317 325 1383 Graecos
347 1319 389 1381 de
410 1314 508 1383 rebus
529 1320 662 1383 musicis
685 1318 781 1403 longe
810 1320 902 1384 aliter
922 1322 1090 1404 statuisse,
1120 1341 1215 1405 quam

179 1422 239 1486 nos
260 1433 338 1507 post
358 1432 464 1486 tantas
483 1444 590 1487 renim
611 1424 854 1487 vicissitudines
878 1434 1019 1488 statuere
1040 1424 1215 1489 soleamus.

178 1525 249 1589 Nos
271 1528 357 1589 enim
379 1538 478 1591 artem
500 1530 654 1592 musicam
677 1528 810 1592 liberam
833 1546 908 1591 esse
922 1528 1123 1617 solutamque
1145 1531 1215 1592 vin·

179 1628 261 1692 eolis
283 1630 450 1694 statuimus
479 1639 575 1713 atque
596 1632 639 1693 iis
668 1630 750 1694 solis
777 1630 895 1695 finibus
924 1633 1099 1714 contineri,
1132 1649 1216 1716 quos

179 1734 252 1813 ipsa
272 1732 334 1794 sibi
356 1733 572 1810 constituerit3
606 1732 723 1796 Gracci
745 1751 809 1794 non
831 1732 959 1815 legibus
973 1743 1100 1797 tantum
1121 1754 1141 1796 a
1164 1752 1215 1796 re·

179 1834 307 1918 publica
329 1836 460 1898 sancitis
483 1854 554 1897 eam
576 1844 803 1916 coercuerunt,
837 1854 878 1898 ne
900 1845 990 1899 extra
1011 1835 1093 1900 fines
1113 1835 1216 1899 libera

181 1949 363 2022 vagaretur,
396 1939 453 2002 sed
485 1941 602 2003 arctius
630 1942 724 2004 etiam
753 1939 895 2004 moribus
925 1950 957 2002 et
977 1941 1092 2005 indole
1110 1930 1216 2026 gentis

179 2044 307 2125 propria
351 2044 506 2106 contineri
551 2043 774 2106 existimabant
786 2042 843 2127 48).Ι
899 2042 1068 2126 Proprium
1112 2053 1218 2107 autem

182 2141 327 2207 Graecae
349 2146 453 2228 gentis
475 2154 558 2226 erat,
581 2163 664 2227 quae
686 2143 774 2205 firma
797 2144 964 2227 solidaque
987 2156 1040 2208 aut
1061 2144 1217 2228 majorum

181 2266 272 2310 more
294 2251 462 2313 constituta
488 2261 542 2312 aut
564 2250 625 2333 ipsi
648 2248 752 2330 gentis
774 2247 906 2331 ingenio
934 2245 1085 2310 radicitus
1107 2249 1216 2310 innata

179 2361 307 2433 essent,
329 2353 386 2433 iis,
408 2371 492 2435 quae
514 2370 532 2414 a
561 2349 698 2433 singulis
727 2359 838 2413 essent
858 2349 987 2411 inventa
1010 2328 1065 2412 aut
1086 2351 1215 2433 excogi-

178 2463 259 2536 tata,
281 2456 405 2536 potiora
429 2455 564 2537 habere,
588 2456 718 2518 arbitrio
741 2468 851 2538 (quam
867 2462 976 2515 nostra
993 2463 1081 2517 actas
1096 2438 1216 2517 inflatis

177 2556 294 2620 buccis'
311 2556 489 2620 libertatern
513 2577 586 2620 esse
603 2557 719 2641 jactat)
741 2557 820 2620 nihil
839 2556 1028 2640 relinquere.
1062 2555 1156 2620 Unde
1171 2555 1215 2637 lit,

178 2670 212 2724 ut
233 2679 315 2723 nea
342 2663 475 2724 musicis
504 2661 631 2744 quidem
662 2682 699 2724 ea
729 2661 848 2723 vellent
875 2661 1012 2724 vocibus
1042 2660 1215 2741 nervisque

176 2766 268 2846 cani,
301 2764 418 2848 quibus
445 2766 508 2848 ipsi
537 2765 599 2828 soli
627 2776 682 2829 aut
710 2764 827 2828 acerbe
858 2775 912 2828 aut
941 2765 1085 2828 suaviter
1106 2756 1216 2826 essent

178 2865 301 2948 affecti,
330 2867 388 2930 sed
411 2887 468 2950 ea,
490 2886 575 2951 quac
596 2869 737 2933 omniurn
760 2852 879 2949 pariter
900 2854 1032 2928 animos
1046 2873 1216 2948 tangerent

177 2972 381 3054 omniumque
410 2973 443 3034 in
472 2968 656 3053 pectoribus
687 2971 778 3052 quasi
800 2977 1004 3049 resonarent,
1036 2969 1079 3029 ita
1101 2968 1213 3050 repeti,

178 3083 212 3135 ut
233 3091 312 3154 sua,
336 3091 401 3137 non
423 3071 529 3136 aliena
553 3073 793 3135 audirecmnes
815 3070 877 3132 sibi
895 3069 1088 3133 viderentur.
1123 3068 1213 3130 l'ari·

178 3184 226 3237 ter
248 3187 428 3257 poetamm,
461 3177 514 3259 qui
546 3174 637 3259 lyrici
666 3182 837 3253 vocantur,
872 3189 935 3233 non
966 3172 995 3233 is
1017 3189 1152 3254 magnus
1175 3189 1214 3232 ac

177 3278 337 3359 perlectus
359 3276 527 3340 habendos
557 3285 622 3357 est,
651 3277 705 3358 qui
731 3273 899 3336 immodica
920 3273 972 3337 sui
994 3274 1214 3337 aestimatione

177 3380 290 3443 doctos
313 3399 350 3442 se
372 3400 512 3463 suasque
533 3399 587 3443 res
610 3380 798 3464 aequalibus
821 3379 978 3460 venditat,
1009 3378 1067 3442 sed
1090 3380 1136 3458 is,
1159 3379 1213 3461 qui

177 3504 215 3547 ea
238 3495 289 3548 est
315 3485 535 3548 moderatione
565 3494 672 3566 atque·
687 3494 750 3547 tam
781 3502 894 3564 parum
920 3483 970 3545 sui
993 3481 1145 3563 cupidus,
1179 3493 1214 3543 ut

176 3588 218 3650 ad
240 3589 382 3650 intimam
404 3589 508 3671 gentis
530 3606 610 3650 suae
629 3599 764 3650 mentcm
780 3586 936 3651 decendat
949 3596 980 3648 ct
995 3603 1033 3646 ea
1052 3594 1212 3667 sequatur,

174 3706 258 3772 quae
279 3691 320 3751 ab
337 3690 391 3752 illa
406 3691 440 3752 in
462 3692 527 3752 imo
551 3694 646 3755 animi
668 3710 801 3756 recessu
817 3692 998 3753 sentiuntur
1016 3698 1047 3750 et
1069 3690 1212 3771 cogitan-

175 3802 227 3855 tur
246 3795 578 3875 repetatqoeintegra
607 3806 638 3856 et
660 3796 742 3875 antis
764 3792 873 3856 verbis
903 3791 1078 3874 eloquatur.
1123 3789 1212 3852 Talis

175 3894 271 3976 igitur
292 3895 433 3975 musica,
462 3915 545 3978 quae
567 3897 637 3977 ipsa
660 3897 766 3978 gentis
787 3893 897 3957 indole
920 3904 951 3957 et
974 3895 1038 3955 vita
1061 3903 1211 3976 tamquam

175 3995 358 4063 firmissimo
381 3997 585 4063 fundamento
609 4000 678 4067 nisa
702 3999 742 4062 ab
765 3999 847 4081 ipsis
868 3998 948 4078 diis,
972 4016 1012 4061 ne
1031 4017 1085 4062 res
1101 3994 1211 4060 huma·
