2916 4860
441 1622 520 1735 mo
555 1662 660 1735 vna
691 1661 976 1735 amionem.

160 1880 164 1887 .
243 1834 286 1888 De
295 1834 445 1890 Philoxeno
454 1843 523 1907 post.
536 1834 686 1891 Burettium
697 1837 724 1889 in
733 1834 856 1891 hiemoir.
866 1835 899 1888 de
908 1832 1057 1888 l’Academ.
1070 1832 1095 1887 d.
1106 1833 1226 1905 inscript.

190 1928 254 1975 tom.
273 1918 353 1984 xiii,
378 1939 404 1993 p.
429 1926 591 1978 auo—207.
617 1937 704 1992 nuper
728 1929 840 1990 egerunt
857 1921 1028 1990 Bergleiuius
1052 1920 1099 1989 (de
1122 1918 1228 1979 Philoxi

192 2007 335 2079 Cytherio,
355 2006 472 2075 Gottiug.
490 2011 569 2075 1843)
585 2015 612 2061 et
624 2006 768 2078 Bippartus
787 2007 954 2073 (Philoxeni,
973 2006 1121 2073 Timothei,
1136 2008 1229 2063 'Peles‘

191 2094 227 2151 tls
240 2093 334 2164 reliqq.
350 2093 425 2163 Lips
446 2097 532 2160 lata).
564 2091 618 2148 Cir.
637 2092 731 2157 Ulrioi,
751 2091 851 2149 Gesch
869 2094 918 2148 der
935 2093 1036 2150 hellen.
1054 2094 1228 2161 Dichlhuust,

190 2186 254 2234 tom.
279 2179 319 2242 ΙΙ,
343 2197 369 2250 p.
388 2184 550 2235 oliv-604.
585 2177 673 2243 Bode,
698 2173 799 2233 Geseh,
823 2178 872 2232 ‹ler
895 2179 993 2233 hellen.
1012 2178 1123 2235 Dichlh.
1142 2178 1180 2247 ΙΙ,
1202 2187 1228 2247 2,

191 2285 217 2343 p.
236 2272 288 2322 ato
305 2284 346 2338 sq.
366 2296 400 2306 -
418 2264 451 2319 0.
471 2265 583 2332 Mulier,
602 2264 703 2320 Gesch.
723 2265 771 2319 der
788 2281 827 2334 gr.
846 2263 897 2319 Lit.
916 2264 957 2330 11,
975 2283 1001 2337 p.
1019 2268 1071 2321 285
1089 2280 1130 2336 sq.

195 2634 200 2645 ν
276 2600 387 2668 Pauofa
408 2605 448 2669 de
463 2604 632 2671 Philoxeni
654 2603 720 2666 vita
742 2622 761 2665 a
778 2601 944 2667 veteribus
961 2604 1141 2669 memoriae.
1156 2614 1230 2670 sunt

190 2704 323 2787 prodita.
367 2706 505 2772 Patriam
529 2707 602 2790 ejus
632 2726 730 2790 quum
760 2707 911 2773 rrnauimo
936 2725 1101 2772 consensu
1122 2724 1230 2775 rerum

191 2808 381 2890 scriptores,
403 2811 459 2893 qui
476 2808 549 2893 ejus
566 2809 758 2871 mentionem
773 2807 909 2889 faciunt,
923 2807 1069 2901 ,Cythera
1092 2811 1230 2876 insulam

192 2911 355 2992 appellent
369 2914 469 2989 (uude
480 2915 671 2996 saepissime
684 2912 856 2997 Cytherius
871 2914 1066 2986 nominatur)
1078 2915 1116 2996 ¹),
1138 2912 1230 2978 nihili

191 3022 252 3094 est,
265 3014 351 3097 quod
365 3014 483 3080 Suidas
492 3015 708 3081 Callistratum
720 3016 909 3081 Heracleam
918 3014 1084 3079 Ponticam
1095 3020 1231 3098 patriam
1246 3089 1248 3091 .

191 3118 375 3180 nominasse
399 3118 568 3184 Philoxeni
590 3122 677 3186 dicit.
722 3120 830 3184 Dubia
844 3127 964 3181 ,autem
985 3136 1026 3181 eo
1053 3121 1157 3202 magis
1179 3116 1231 3186 esi

192 3217 314 3283 Suidae
336 3219 434 3303 fides,
455 3240 521 3305 quo
544 3223 649 3286 minus
663 3222 895 3299 Callistratum,
918 3221 974 3303 qui
995 3239 1115 3303 genero
1128 3220 1229 3287 Hera·

191 3319 298 3384 electa
318 3320 392 3404 fuit,
415 3343 544 3389 errasse
565 3326 598 3389 in
618 3325 680 3388 hae
701 3345 737 3388 re
760 3322 906 3387 credibili
928 3330 979 3387 est
1000 3322 1230 3409 (oiBerglein.

189 3425 292 3507 pti).
337 3423 410 3488 Nisi
430 3424 530 3507 forte,
553 3425 586 3488 id
608 3424 695 3507 quod
720 3443 785 3489 noo
806 3443 880 3488 raro
899 3425 995 3489 elaris
1016 3428 1229 3509 scriptoribus

166 3592 168 3605 ,
190 3529 343 3611 contigit,
374 3539 408 3592 ut
437 3528 479 3591 ah
502 3531 620 3593 exteris
642 3530 772 3591 civitate
794 3528 932 3613 aliisque
954 3531 1104 3612 praemiis
1127 3531 1227 3596 dona·

190 3640 314 3713 rentur,
344 3631 542 3697 Philoxenus
571 3633 700 3696 civitate
729 3631 770 3694 ab
793 3630 1067 3699 Heracleensihus
1090 3634 1228 3701 donatus

190 3733 278 3798 illam
299 3735 412 3798 urbem
441 3738 535 3821 quasi
563 3736 696 3801 alteram
719 3737 850 3820 patriam
880 3746 994 3801 nactus
1016 3746 1074 3801 est.
1118 3738 1228 3805 Facile

190 3857 269 3902 vero
290 3839 360 3904 fieri
381 3842 502 3924 potuit,
524 3850 561 3903 ut
580 3841 621 3904 de
643 3843 746 3924 patria
760 3839 931 3905 Philoxeni
942 3839 1080 3923 scriptor
1097 3850 1229 3927 erraret,

190 3943 267 4027 quia
282 3941 431 4028 Cytheris
454 3954 549 4028 poeto
572 3944 652 4010 nihil
673 3956 800 4028 praeter
821 3943 978 4026 originem
999 3942 1111 4008 dehuit
1133 3956 1229 4031 atque

191 4046 325 4128 patriam
353 4047 537 4133 relinquere
561 4049 663 4132 prima
691 4046 759 4111 fere
787 4046 914 4111 futurae
941 4044 1065 4129 gloriae
1086 4048 1227 4113 conditio

970 4149 1019 4212 1*
