2916 4860
1172 416 1212 481 71

262 591 321 670 87)
351 589 463 657 Schol.
487 582 637 677 Κὺκλονφ
661 581 771 678 πήραν
792 581 874 670 οἷ’χων
899 583 1051 676 εἰσῆλθε,
1083 587 1123 652 al.
1155 580 1217 654 Ἐν-

176 692 289 760 ταῦθα
310 685 329 758 ὁ
350 693 491 783 ποιητής
511 691 715 774 παιγνιωὺιῦς
732 687 882 779 ίπιφίριι
904 685 946 757 τοί
962 690 1023 756 τοῦ
1047 686 1217 771 Φιλοξίνον

175 788 322 874 εἰπόντος
343 792 452 887 πήραν
471 786 647 880 βαστάζειν
672 790 729 861 τὸν
752 787 919 862 Κύκλωπα
946 791 1001 858 καί
1021 783 1143 874 λάχανα
1164 789 1216 859 ἐσ·

176 896 381 967 alernatim
402 896 463 989 γοὶρ
490 897 653 986 πεποίηκε
678 892 733 965 nia
752 898 812 966 τοὺ
837 893 1018 975 Κύκλωπος
1039 891 1218 987 ὑποκριτήν

176 998 225 1078 είς
245 997 304 1091 τήν
324 998 442 1092 σκηνην
462 992 673 1088 εἰσαγόμενον.
719 1001 810 1085 Quae
841 1012 876 1065 ut
905 1020 963 1085 pro
992 1002 1075 1066 fictis
1098 1001 1216 1066 habea·

178 1124 268 1187 mus,
292 1127 333 1170 ne
348 1106 522 1170 Hermanni
545 1104 674 1188 quidem
697 1105 870 1170 auctoritas
893 1102 1029 1187 (Opusc.
1042 1102 1112 1186 vlt,
1135 1105 1216 1186 2¹43

178 1208 352 1272 assentitur
372 1208 555 1272 Hermanno
585 1206 746 1291 Barglcin.
762 1224 808 1290 ρ.
829 1210 887 1278 57)
923 1227 984 1272 nos
1013 1225 1217 1273 commovere

178 1321 283 1393 potest
305 1310 361 1387 (cf.
374 1311 516 1395 Bippart.
537 1331 568 1393 p.
588 1309 643 1383 Xt
677 1307 759 1372 Nam
781 1310 933 1375 dramatis
957 1329 1072 1373 nomen
1086 1310 1217 1375 lanciam

179 1431 209 1476 c.
231 1415 274 1478 29
295 1413 338 1477 ad
359 1433 430 1477 cam
457 1414 609 1477 transfert
637 1413 816 1494 actionem,
846 1432 940 1497 quam
969 1414 1042 1496 quis
1070 1412 1217 1477 saltando

178 1516 332 1598 exprimat
340 1537 350 1598 3
383 1525 471 1580 recte
493 1517 589 1599 igitur
610 1518 705 1581 etiam
728 1516 769 1579 ad
792 1516 1028 1602 ditlryrarnlmm
1051 1518 1218 1582 transferri

179 1628 300 1703 potest,
321 1619 350 1683 si
374 1620 457 1683 actio
480 1621 561 1682 inest
569 1639 581 1701 3
604 1617 689 1701 quod
712 1617 753 1681 ad
775 1609 955 1705 ὑποκριτὺς
976 1620 1132 1703 pertinet,
1154 1618 1218 1683 Lu·

179 1723 262 1785 cian.
292 1741 321 1786 c.
344 1725 397 1788 65.
419 1724 462 1787 66
493 1713 725 1808 ὑποκρίνεσθαι
754 1742 828 1786 eum
856 1725 950 1803 dicit,
984 1726 1037 1808 qui
1070 1724 1218 1790 saltando

179 1843 352 1906 personam
367 1825 505 1908 aliquam
530 1826 678 1888 imitetur.
711 1823 798 1909 Ergo
821 1817 1004 1912 ὑποκριτῶν
1025 1844 1141 1890 nomen
1165 1838 1219 1892 aut

180 1938 267 1990 recte
283 1927 324 1992 ad
340 1925 509 1992 Philoxeni
525 1925 702 2012 Cyclopem
718 1928 915 2009 transfertur,
938 1939 992 1991 aut
1009 1929 1219 1994 dramaticum

181 2048 254 2091 eum
276 2028 379 2092 fuisse
402 2031 532 2093 omnino
555 2029 735 2114 negandum
758 2043 817 2095 est.
841 2066 882 2079 —-

267 2134 326 2205 88)
349 2128 397 2195 Cf.
419 2130 620 2196 Hermesian.
643 2151 695 2214 ap.
717 2131 836 2197 Athen.
857 2130 947 2215 Xlll‚
981 2153 1012 2217 ρ.
1034 2136 1099 2201 597
1121 2135 1164 2201 Α.
1186 2157 1217 2200 v.

181 2233 225 2297 74
275 2235 399 2423 'illdata
421 2332 459 2401 δέ
479 2330 534 2403 τὺν
555 2332 756 2425 Κυθέρηθεν
779 2374 820 2385 -

287 2550 317 2613 Γ
314 2535 476 2631 ιγνιίσκεις
498 2539 615 2614 οίίοοσα
635 2544 735 2633 μέγαν
756 2538 882 2627 πόθον,
905 2541 940 2615 ’όν
962 2552 992 2614 Γ
989 2546 1140 2637 αλατείης

285 2643 410 2727 Atinate
431 2649 578 2738 μηλείοις
599 2641 729 2737 θήκαθ’
750 2642 816 2717 ὑπὺ
839 2641 1020 2738 προγόνοις,

181 2773 274 2836 quern
298 2752 403 2816 locum
427 2752 546 2837 Bergk.
576 2754 615 2843 5¹¹.
633 2764 801 2817 comment.
832 2754 872 2816 de
896 2754 1003 2819 llcrm.
1026 2756 1109 2842 eleg.
1133 2755 1219 2823 Illar-

180 2856 273 2939 burg.
300 2856 398 2937 1844,
423 2876 452 2938 p.
474 2856 518 2921 36
541 2858 580 2918 ita
603 2855 758 2948 explicat:
796 2856 885 2922 nlloc
908 2860 985 2922 dicit
1008 2873 1120 2944 pocta,
1143 2862 1220 2927 Plri-

181 2956 332 3044 loxenum
354 2959 449 3020 etiam
478 2959 595 3024 ovibus
617 2959 770 3046 injecisse
798 2963 850 3027 vel
881 2964 1033 3029 tribuisse
1063 2965 1141 3043 (froc
1171 2978 1221 3035 est

180 3051 419 3142 ὑποτίθεσθαι)
443 3059 598 3127 Galatcac
621 3082 792 3130 amoremae

267 3163 326 3234 89)
350 3161 480 3228 lucian.
511 3185 538 3229 ο.
561 3168 621 3233 68:
654 3161 673 3234 ὑ
701 3166 744 3234 δὲ
765 3160 924 3259 σ’ρχηστης
952 3165 994 3237 κά
1019 3162 1126 3238 πάντα
1154 3167 1221 3254 ἔχει

182 3258 363 3345 συλλαβών·
393 3264 449 3331 καί
475 3261 576 3335 ε”νεστι
604 3268 753 3359 ποικίλην
782 3273 836 3340 καί
857 3276 1008 3362 παμμιγῆ
1036 3270 1094 3366 την
1114 3298 1222 3365 παρα-

180 3360 300 3455 σκοοῆν
321 3360 422 3434 αὑτοῦ
443 3366 538 3452 ἰδεῖν,
560 3366 667 3456 odida,
689 3369 832 3465 σύριγγα,
854 3379 969 3444 ποδῶν
986 3368 1119 3460 κτὺπον,
1140 3404 1221 3463 κομ·

181 3464 284 3555 βάλον
297 3463 419 3563 ψὺφον,
434 3465 615 3563 ὑποκριτοῦ
626 3470 795 3569 εὑφωνίαν,
815 3475 1165 3571 frontonianorum.
1180 3518 1220 3532 -

271 3575 329 3652 tto)
352 3576 402 3639 Cf.
423 3574 557 3640 Lucian.
580 3578 600 3642 l.
624 3582 644 3645 l.
672 3574 853 3671 ὑποκριτοῦ
874 3578 1049 3674 είφωνίαν,
1079 3579 1224 3672 ςίδόντιον

186 3669 382 3765 ὁμοφωνίαν.
406 3711 443 3723 ·-·

270 3783 327 3858 91)
349 3782 486 3849 Aristot.
508 3785 599 3853 Poet.
623 3785 654 3870 l,
676 3789 709 3851 2..

270 3884 328 3961 92)
350 3883 436 3950 Hinc
458 3890 569 3953 nescio
591 3907 633 3952 an
654 3890 696 3953 de
719 3901 783 3955 tota
795 3890 965 3957 Philoxeni
980 3894 1092 3976 poesis
1114 3893 1222 3958 indole

184 3984 388 4049 edoceamur.
432 3987 513 4053 Nam
544 3991 576 4055 in
601 3995 770 4057 contrariis
800 3995 887 4060 salse
918 4006 949 4059 ct
971 4007 1064 4061 acute
1087 3996 1222 4082 conjun-
