2916 4860
1169 436 1214 500 35

175 612 382 695 Pitanaeum,
416 612 473 693 al.;
506 612 570 676 alia
600 600 723 691 autem,
753 611 887 692 opinor,
919 627 972 672 res
1002 617 1051 675 est
1080 604 1213 671 δείπνου

174 710 361 806 ἀναγραφή,
384 716 448 782 alia
470 732 617 796 carmen,
640 715 726 798 quod
750 714 790 777 de
813 735 850 777 re
871 714 990 778 cibaria
1014 712 1090 795 agit.
1129 710 1213 776 Con·

175 823 264 885 viuio
283 833 388 884 autem
406 820 652 901 descriptionem
668 815 724 879 illo
742 817 901 897 carmine,
925 814 1020 898 cujus
1034 815 1213 897 fragmenta

175 933 319 1006 exstant,
342 923 497 986 contineri
521 923 593 1006 quis
616 921 734 1004 neget?
779 920 975 985 Leucadium
996 916 1094 1004 igitur
1116 918 1156 982 de
1177 937 1213 981 re

175 1026 294 1090 cibaria
328 1027 501 1108 scripsisse
535 1044 638 1107 neque
664 1021 852 1087 Athenaeus
885 1021 980 1103 dicit,
1014 1040 1091 1102 nec,
1125 1020 1213 1103 quod

174 1130 294 1210 sciam,
317 1127 446 1192 aliunde
470 1137 612 1205 constat3
634 1124 824 1189 Athenaeus
847 1124 903 1187 illo
919 1123 992 1187 loco
1008 1123 1052 1188 nil
1067 1124 1127 1188 nisi
1151 1123 1214 1186 boc

176 1224 268 1312 dicit,
303 1240 411 1294 notum
440 1229 518 1293 illud
549 1228 742 1293 Conuiuium
777 1247 851 1291 esse
882 1227 1043 1294 Leucadii.
1087 1227 1214 1293 Deinde

176 1333 263 1419 quod
288 1322 458 1415 Bippartus
481 1335 654 1415 parasitum
685 1331 774 1396 illum
796 1331 861 1396 duo
882 1342 972 1416 putat
993 1335 1132 1397 carutina
1156 1352 1213 1416 pe·

178 1438 316 1520 pigisse,
341 1435 475 1500 alterurn
497 1434 691 1502 hexametris
712 1436 871 1501 inclusum
893 1447 990 1521 atque
1012 1428 1215 1524 ὄψαρτυσὶαν

177 1540 378 1620 inscriptum,
402 1538 537 1623 lyricum
558 1538 691 1603 alterum
712 1552 807 1621 atque
829 1539 890 1603 sub
913 1540 1004 1605 titulo
1019 1538 1159 1608 Asturco
1181 1543 1213 1604 in

175 1642 337 1724 publicum
360 1641 496 1723 editum,
521 1643 575 1704 vix
596 1642 747 1724 cuiquam
761 1642 977 1722 persuadebit.
1010 1643 1215 1708 Athenaeum

175 1747 306 1830 quidem
335 1746 375 1808 de
406 1765 470 1809 uno
499 1756 620 1809 tantum
650 1744 820 1809 Philoxeni
852 1749 937 1826 (siue
966 1744 1110 1830 Cytherii
1143 1747 1215 1809 siue

175 1849 345 1926 Leucadii)
368 1851 510 1914 carmine
532 1852 697 1934 cogitasse
718 1850 866 1932 idemque
891 1869 910 1911 a
932 1848 1070 1914 Platone
1090 1850 1215 1914 comico

173 1953 339 2017 hominurn
361 1956 440 2017 risui
463 1953 570 2017 datum
592 1964 687 2039 atque
709 1962 841 2036 propter
861 1953 910 2015 rei
925 1952 1087 2017 levitatem
1108 1943 1217 2041 ὀψαρ-

176 2054 290 2132 τυσίας
311 2058 440 2121 nomine
464 2065 604 2120 notatum
625 2076 719 2138 esse,
747 2076 789 2120 ex
810 2056 890 2138 ipsis
911 2055 1071 2119 Athenaei
1096 2055 1215 2137 verbis

180 2161 214 2221 ni
242 2161 347 2223 omnia
376 2178 427 2225 ine
456 2157 585 2240 hillunt,
619 2158 691 2222 luce
721 2158 840 2237 elarius
870 2158 985 2239 prodit.
1029 2157 1101 2221 darn
1132 2157 1216 2221 unde
1278 2196 1285 2217 .

183 2263 322 2343 prolecta
350 2274 402 2326 est
427 2264 593 2346 quaestio,
625 2281 666 2326 eo
693 2262 805 2325 redire.
827 2280 899 2324 eam
927 2270 1061 2344 oportet.
1104 2258 1216 2326 Exstat

182 2366 278 2447 igitur
299 2363 488 2428 Conuiuium
513 2365 554 2428 ab
564 2364 735 2429 Athenaeo
757 2381 822 2426 unc
845 2362 919 2426 loco
942 2362 1123 2444 Leucadio,
1145 2363 1216 2445 plu·
1246 2448 1250 2455 Ι

178 2471 269 2532 rimis
292 2469 444 2555 cytherio
466 2470 575 2551 tribui,
598 2486 746 2553 quaeque
769 2469 810 2530 de
833 2467 983 2531 carminis
1006 2477 1139 2531 auctore
1162 2466 1218 2529 ille

179 2572 323 2653 tradidit,
347 2584 516 2655 postquam
531 2580 694 2636 numerata
711 2578 803 2650 saint,
822 2568 891 2652 jam
908 2576 983 2631 sunt
1001 2566 1217 2648 ponderanda.

178 2672 250 2737 Jam
285 2686 453 2758 postquam
486 2693 540 2736 ros
574 2694 614 2735 eo
644 2673 805 2755 peruenit,
840 2682 874 2733 ut
902 2689 977 2732 num
1000 2669 1076 2752 June
1104 2687 1218 2753 poema

169 2772 322 2861 ‘Cythera
356 2780 484 2842 nomine
518 2777 682 2860 indignum
721 2774 877 2838 habeatur
916 2772 1133 2854 quaerendum
1167 2775 1220 2853 sit,

178 2882 354 2945 curandum
377 2891 452 2944 ante
475 2882 581 2943 omnia
604 2889 670 2960 est,
693 2890 727 2943 ut
751 2886 893 2940 nostruin
910 2875 1069 2957 judicium
1084 2877 1126 2939 ad
1142 2886 1218 2940 tem·

179 3003 241 3067 pue
265 2983 384 3047 abillo
408 2983 625 3047 cohibeamus.
669 2980 751 3044 Nam
775 2980 950 3043 certissima
979 2977 1090 3062 regula
1113 2982 1219 3042 estin

178 3086 361 3169 aequalium
401 3089 583 3150 sententia.
623 3087 675 3150 An
711 3085 825 3168 quales
859 3083 1031 3147 Philoxeni
1074 3086 1218 3167 uirtutes,

177 3200 297 3270 quanta
321 3189 397 3251 vitia
421 3188 557 3270 luerim,
580 3191 624 3252 ita
646 3189 809 3272 cognitum
831 3187 1005 3267 habemus,
1028 3197 1061 3249 ut
1079 3206 1116 3251 ea
1140 3206 1218 3272 cog·

179 3292 300 3354 uitione
321 3301 471 3374 tanquam
501 3309 560 3372 pro
582 3291 695 3375 regula
719 3291 763 3352 uti
786 3287 904 3354 liceat?
946 3286 1001 3352 An
1023 3287 1217 3372 Antiphanis

177 3392 233 3455 illa
245 3392 359 3474 laude,
382 3411 447 3477 qua
459 3391 671 3457 Philoxenum
688 3413 765 3476 prae
783 3394 902 3459 ceteris
916 3403 1009 3457 ornat
1026 3394 1218 3478 fragmenta,

177 3515 262 3578 quae
284 3514 326 3559 ex
346 3498 499 3559 conuiuio
522 3508 662 3579 exstant,
684 3497 815 3560 omuino
832 3497 961 3580 indigna
983 3497 1080 3562 sunt?
1103 3496 1218 3562 Nonne

119 3636 132 3663 ι
177 3602 305 3665 novitas
328 3599 400 3682 illa,
423 3619 519 3684 quern
540 3597 744 3682 Antiphanes
767 3600 893 3680 laudat,
923 3610 955 3663 et
983 3603 1162 3682 proprietas
1184 3603 1217 3664 in

179 3703 243 3769 illis
276 3703 456 3787 reperitur?
511 3702 627 3768 Nescis
665 3723 706 3789 an
745 3716 775 3767 et
808 3703 948 3769 Ulricius
981 3713 1013 3768 et
1045 3704 1217 3787 Bippartus

179 3808 310 3870 nimium
328 3805 496 3871 Philoxeni
520 3807 692 3872 virtutibus
715 3807 897 3891 tribuerint,
921 3824 1003 3889 quas
1026 3825 1124 3890 quum
1147 3825 1216 3872 car·

177 3910 272 3974 minis
288 3909 477 3993 fragmentis
493 3927 558 3973 non
576 3910 707 3992 aequari
724 3907 896 3989 vidissent,
918 3906 998 3972 clari
1013 3907 1099 3973 illius
1113 3908 1216 3994 dithy-

177 4013 406 4098 rambographi
427 4032 543 4078 nomen
565 4013 704 4079 alienum
725 4012 766 4076 ab
787 4028 829 4073 eo
852 4028 925 4073 csse
947 4019 1135 4084 statuerunt.
1171 4009 1217 4073 At

904 4118 907 4125 ,
957 4113 1008 4176 3*
