2916 4860
1157 448 1200 512 47

160 626 271 681 rentur
292 617 415 700 omnia,
448 617 506 680 sed
528 620 638 681 variae
668 616 913 683 ostenderentur
935 620 1020 682 vitae
1041 619 1199 701 imagines

162 721 331 803 ingeniose
364 741 404 785 ac
435 721 540 785 facete
570 741 642 783 cum
673 719 844 784 testivitate
872 721 975 785 fictae.
1029 719 1199 787 Simillima

159 834 327 904 praeterea
357 822 628 909 dithyramborum
660 835 691 885 et
720 824 885 886 mimorum
917 836 1047 888 externa
1070 826 1199 907 species

161 926 264 989 luisse
285 926 429 1007 videtur3
460 925 632 989 accedebat
663 926 747 988 enim
777 925 817 989 ad
846 928 1006 989 mimicam
1029 928 1199 1008 actionem,

161 1046 257 1112 qnam
280 1028 418 1112 quaein
440 1028 577 1110 singulis
607 1028 684 1089 artis
713 1028 888 1110 generibus
919 1028 1047 1112 singula
1077 1030 1200 1093 inveni·

163 1145 274 1215 autur,
297 1134 495 1219 conjungere
518 1134 681 1197 Lucianus
705 1134 762 1209 (de
785 1131 857 1195 salt.
880 1151 908 1194 c.
931 1124 996 1201 68)Ι
1012 1133 1073 1214 ait,
1101 1146 1203 1215 appa*

161 1246 250 1300 ratus
273 1238 398 1320 amplus
421 1247 451 1300 et
473 1247 584 1300 vastus
607 1242 687 1318 (quc
703 1234 864 1299 larvarum
887 1246 916 1297 et
939 1237 1200 1299 vestimentorum

79 1382 89 1395 ι
162 1339 397 1426 magnificentia
420 1352 451 1404 et
475 1341 614 1402 varietas
635 1339 831 1421 pertinebat,
855 1337 975 1401 Lucian
1001 1360 1028 1402 c.
1043 1341 1116 1420 66),
1140 1358 1201 1403 nec

161 1461 279 1506 vocum
301 1461 538 1526 nervorumque
561 1463 599 1507 ac
621 1434 770 1506 tibiarum
788 1456 900 1507 carnus
924 1446 1031 1508 decrat
1054 1444 1200 1522 (Lucian.

99 1578 104 1594 =
163 1567 192 1611 c.
214 1549 271 1622 68)
285 1549 333 1624 ⁸⁰).

187 1660 190 1669 ’
251 1650 316 1741 Sed
342 1651 391 1735 ad
422 1651 595 1737 Cyclopem
631 1653 828 1719 redeundum
862 1664 920 1739 est.
974 1649 1114 1716 Fuerunt
1144 1654 1201 1736 qui

163 1755 262 1841 louge
295 1754 387 1818 aliter
420 1753 460 1817 de
494 1773 534 1817 eo
568 1765 754 1819 statuerent.
805 1742 900 1818 lriter'
922 1776 979 1818 eos
1013 1755 1068 1839 qni
1102 1774 1205 1836 nuper

118 1840 123 1851 .
165 1857 295 1941 egregie
318 1856 366 1921 de,
380 1855 559 1920 Philoxeno
582 1860 714 1919 meritus
738 1865 788 1918 est
809 1858 1029 1941 plurimaque,
1056 1856 1140 1942 qu'ae
1162 1856 1204 1921 ad

165 1954 237 2022 eum
268 1960 443 2041 pertinent,
474 1960 592 2041 optime
615 1959 816 2043 explanavit,
847 1961 1052 2044 Bergleinius
1080 1962 1114 2024 in
1142 1961 1204 2024 hac

166 2065 207 2135 de
219 2064 362 2149 Cyclope
380 2064 569 2146 quaestione
587 2065 696 2127 nescio
715 2074 867 2147 quantum
883 2087 902 2129 a
918 2083 996 2127 vero
1009 2065 1204 2128 discesserit.
1272 2090 1278 2097 ·

166 2166 262 2229 Putat
282 2167 366 2230 enim
386 2165 548 2250 Berglein.
572 2170 616 2246 (p.
638 2168 711 2247 56),
735 2164 965 2229 Eichstadtium
989 2177 1120 2231 secutus
1149 2167 1205 2246 (de

170 2269 267 2333 dram.
290 2290 369 2334 com.
385 2280 445 2334 sat.
459 2291 491 2353 p.
508 2269 583 2350 32),
607 2267 783 2353 Cyclopem
807 2290 849 2333 ex
871 2269 1109 2355 dithyrambicis
1131 2288 1205 2333 ver-

167 2372 257 2435 sibus
280 2374 321 2436 ad
343 2373 494 2436 dramatis
510 2372 728 2435 tantummodo
743 2373 981 2435 similitudinem
998 2372 1205 2436 conformatis

166 2478 348 2540 constitisse
371 2486 402 2539 ct
425 2477 544 2559 dialogi
574 2495 663 2538 ruore
693 2477 845 2557 scriptum
875 2474 993 2557 fuisse3
1028 2473 1101 2538 licta
1122 2491 1206 2537 esse

151 2581 351 2660 arbitratur,
383 2599 466 2662 quae
489 2577 590 2642 schol.
615 2581 654 2642 ad
678 2579 843 2663 Aristoph.
866 2578 949 2643 Plut.
973 2581 1037 2645 298
1059 2579 1099 2643 de
1122 2571 1207 2644 ino.

165 2683 258 2770 κριτῇ
279 2681 433 2768 Cyclopis
456 2685 494 2745 in
519 2703 684 2746 scenam
708 2683 939 2765 prodeunte
962 2691 1087 2765 narrat3
1112 2691 1207 2767 negat

166 2786 321 2869 denique,
352 2786 521 2850 Philoxeni
547 2787 720 2873 Cyclopem
752 2791 783 2850 in
815 2790 921 2851 scenis
946 2786 1206 2851 committendum

165 2901 198 2951 et
220 2891 428 2971 spectandum
446 2891 635 2975 aequalibus
655 2891 774 2972 t'uisse,
798 2890 854 2953 sed
876 2890 1045 2974 legendum
1061 2889 1206 2967 affirmat,

166 2993 257 3075 Quae
281 2995 308 3056 si
332 3014 408 3057 vera
432 3007 522 3077 sunt,
552 2994 657 3056 oleum
687 2994 834 3077 equidem
864 3004 894 3055 et
918 3012 1048 3074 operam
1070 2992 1206 3074 perdidi.

167 3093 360 3161 Condidissc
375 3097 503 3179 quidem
524 3097 870 3183 dithyrambngraphcs
885 3099 1043 3180 carmina,
1070 3096 1206 3181 aquibus

166 3199 198 3261 in
221 3199 588 3284 solitudinelegentinm
612 3205 737 3267 animus
760 3202 989 3283 delectarentur
1021 3221 1085 3265 non
1109 3219 1206 3286 nego,

166 3305 230 3365 imo
265 3302 456 3367 Convivium
489 3305 567 3367 illud
610 3308 640 3369 in
676 3327 786 3371 enrurn
826 3305 929 3369 inisse
965 3324 1097 3370 numeru
1130 3316 1207 3388 puto

167 3405 346 3479 (Aristotel.
375 3427 424 3488 ap.
453 3406 570 3470 Athen.
602 3408 630 3489 l,
665 3430 693 3491 p.
724 3411 769 3482 6).
822 3406 997 3493 Cyclopem
1029 3406 1132 3469 autem
1166 3405 1208 3470 ad

168 3519 272 3572 actum
295 3510 477 3571 scenarium
500 3529 564 3572 nun
579 3511 684 3574 fnisse
700 3513 913 3592 compositum
926 3510 1128 3593 Bergleinius
1142 3528 1208 3573 non

169 3613 327 3694 probavit,
350 3612 407 3676 sed
424 3612 608 3693 affirmavit,
631 3612 876 3675 scholiastarnm
893 3613 1109 3675 auctoritatem
1125 3609 1208 3695 reje-

169 3717 230 3796 cit,
253 3716 457 3797 rejiciendam
482 3735 556 3780 esse
579 3717 776 3799 argumentis
792 3715 988 3779 confirmavit
1005 3714 1112 3779 nullis.
1135 3713 1208 3797 Qua

166 3819 199 3881 iu
222 3839 257 3880 re
281 3837 353 3880 eum
377 3836 441 3881 non
464 3838 517 3899 ea,
552 3837 614 3902 qua
644 3817 799 3900 debebat,
834 3820 942 3902 egisse
973 3817 1138 3902 diligentia
1167 3834 1208 3879 ex

166 3920 229 3983 hcc
252 3921 469 4003 cognoscitur.
504 3920 707 3985 Scholiastae
730 3923 815 3983 enim
837 3922 922 4004 quod
947 3920 1033 3984 oculi
1055 3920 1207 4002 privatio·

167 4045 241 4088 nem
254 4027 286 4088 in
298 4023 467 4088 Philoxeni
480 4025 625 4110 Cyclope
638 4027 739 4089 luisse
754 4025 928 4107 aliiunant,
951 4024 982 4088 id
995 4042 1035 4088 eo
1047 4024 1208 4105 pertinere
