2916 4860
243 396 287 467 28

244 570 424 637 Philoxeno
458 570 657 654 Antiphanes
690 565 853 649 laudaret,
890 585 985 651 quam
1019 562 1105 648 quod
1138 564 1283 627 earmina

246 674 317 757 ejus
345 670 460 739 mirum
495 676 526 739 in
559 674 689 737 modum
718 669 919 752 μεταβολαῖς
941 681 973 732 et
1001 660 1164 755 χρώμασι,
1198 668 1228 731 h.
1250 682 1280 733 ο.’

245 778 331 841 mille
364 772 572 842 varietatibus
604 775 813 858 colorumque
846 774 1074 839 mutationibus
1104 785 1167 837 tam
1196 773 1282 836 belle

245 883 342 945 mixta
364 880 538 955 essent'⁵')⁸
562 917 603 928 -

330 984 468 1067 Propter
489 986 534 1047 rei
557 982 796 1048 similitudinem
817 1003 883 1047 non
905 983 1045 1047 alienum
1067 983 1185 1047 abhoc
1207 983 1281 1048 loeo

244 1107 318 1151 esse
341 1097 434 1169 puto,
465 1087 504 1150 de
534 1106 619 1152 novo
646 1086 703 1150 illo
732 1089 862 1150 invento
892 1086 966 1171 quid
997 1088 1131 1150 sentiam
1161 1087 1281 1169 dicere,

244 1192 331 1277 (prod
364 1194 397 1255 in
430 1192 554 1278 oyelios
588 1193 705 1255 ohoros
721 1188 934 1255 ‘Philoxenus
962 1188 1075 1253 intulit.
1112 1188 1210 1253 rtur.
1240 1189 1282 1252 do

244 1314 326 1360 inus.
357 1316 384 1359 e.
418 1299 476 1362 30:
513 1295 566 1362 καὶ
595 1288 828 1382 Ἀριστοφάνης
862 1285 880 1359 ὁ
912 1286 1054 1372 κωμικὸς
1090 1283 1282 1378 μνημονεύω

247 1394 418 1479 Φιλοξένου
440 1396 495 1463 καί
515 1419 613 1486 φησι,
635 1390 686 1461 ὅτι
707 1392 754 1471 εἷς
775 1392 851 1471 σούς
872 1392 1021 1470 κυκλίους
1038 1392 1157 1481 χορσές
1179 1392 1280 1482 μέλη

245 1497 456 1588 εἰσηνέγκατο.
501 1501 554 1562 Ab
575 1499 625 1562 liis
647 1497 760 1582 cyoliis
782 1497 908 1577 choris,
933 1516 1124 1581 quamquam
1147 1499 1189 1561 sd
1211 1518 1280 1561 mu-

244 1592 379 1668 tabilem
389 1604 570 1688 multasque
585 1600 826 1665 vicissitudines
842 1613 1004 1683 expertam
1019 1600 1281 1684 ditlryranrbieam

244 1708 355 1790 poesin
370 1705 595 1788 pertinebant,
618 1715 905 1789 quantamcumque
919 1706 960 1768 iis
972 1705 1107 1770 infuisse
1122 1706 1281 1770 licentiam

243 1806 410 1896 putamus,
437 1822 543 1874 tamen
567 1820 655 1874 certe
677 1809 793 1891 religio
813 1808 989 1892 quaedam,
1018 1826 1115 1892 quum
1137 1811 1281 1891 proxime

244 1915 286 1978 ad
318 1933 371 1977 res
404 1933 516 1976 sacras
549 1913 758 1995 pertinerent,
792 1913 987 1975 musicorum
1021 1897 1133 1976 manus
1167 1916 1280 1995 annuit,

244 2019 415 2100 quominus
438 2035 455 2077 a
479 2015 613 2096 pristina
635 2023 667 2077 et
688 2015 795 2077 innata
824 2013 1029 2096 simplicitate
1050 2025 1082 2077 et
1103 2016 1279 2099 aequabili·

243 2128 323 2201 tate,
345 2119 462 2202 quibus
484 2118 629 2200 insignes
651 2116 723 2178 sine
745 2115 844 2177 dubio
866 2125 973 2198 erant,
1005 2118 1134 2181 omnino
1156 2117 1279 2181 desais-

243 2232 362 2286 oerent.
395 2221 569 2284 Praeterea
583 2219 753 2283 multorum
775 2217 872 2279 simul
890 2219 1070 2282 canentium
1092 2238 1192 2284 voees
1215 2239 1279 2283 non

243 2344 283 2388 ea
305 2334 380 2389 sunt
408 2325 559 2388 facilitate
586 2343 647 2387 nee
667 2333 732 2385 tam
761 2319 938 2401 flexibiles,
971 2332 1006 2383 ut
1028 2332 1084 2385 aut
1105 2322 1191 2404 ejus,
1224 2324 1279 2407 qui

243 2426 334 2490 solus
354 2428 456 2508 canit,
480 2437 535 2489 aut
553 2442 750 2508 organorum
769 2428 907 2485 varietas
927 2433 957 2484 et
973 2424 1133 2488 mobilitas
1147 2446 1166 2487 a
1179 2426 1278 2490 elioro

243 2529 375 2612 aequari
398 2528 546 2590 canendo
568 2527 682 2608 possit.
716 2527 801 2608 Quid
826 2527 923 2609 igitur
937 2539 1004 2609 est,
1028 2530 1113 2613 quod
1129 2529 1278 2594 Philone·

228 2648 305 2694 nus
339 2630 454 2693 dieitur
482 2625 563 2715 μέλη
595 2631 628 2692 iu
658 2628 780 2714 cyolios
809 2627 928 2695 choros
957 2632 1127 2696 intulisse?
1170 2624 1279 2696 Verba

241 2734 297 2797 illa
318 2729 399 2819 μέλη
422 2729 469 2809 εἰς
489 2756 517 2798 τ.
540 2756 569 2798 κ.
591 2756 621 2813 χ.
643 2726 847 2817 εἰσηνέγκατο
869 2734 928 2816 ita,
961 2736 991 2796 ni
1014 2733 1126 2815 fallor,
1148 2754 1279 2818 eompa-

242 2846 311 2898 rata
329 2845 421 2915 suut,
445 2845 478 2899 ut
497 2855 561 2900 non
580 2836 618 2899 ad
636 2838 736 2921 ipsam
757 2837 931 2922 oyeliorum
944 2839 1111 2902 chororum
1123 2841 1278 2905 rationem

240 2959 280 3004 so
301 2939 436 3004 sormam
460 2940 568 3024 aliqua
598 2951 750 3023 exparte
781 2951 929 3004 mutatam
952 2943 1113 3024 pertinere
1135 2943 1278 3025 possint3

240 3046 304 3110 imo
327 3044 576 3108 talein'ventum
598 3045 703 3108 fuisse
719 3045 868 3127 uidetur,
892 3055 925 3107 ut
948 3047 1080 3128 integris
1104 3046 1160 3127 iis,
1194 3064 1285 3128 quae·

241 3147 284 3211 ad
305 3147 439 3210 chorum
453 3149 584 3230 proprie
598 3147 807 3229 pertinerent,
830 3147 975 3227 partibus
994 3164 1113 3208 novum
1128 3147 1277 3230 quiddam

240 3260 336 3332 atque
370 3270 388 3311 a
422 3250 523 3312 ohoro
557 3251 693 3313 alienum
727 3248 791 3309 illis
824 3247 1002 3309 inferretur.
1051 3248 1278 3333 Quodquale

240 3353 337 3416 fuerit
358 3353 673 3435 eirottmspieienteS,
697 3369 795 3434 quum
819 3360 849 3412 et
872 3350 910 3412 ad
933 3351 1088 3434 pluralem
1112 3370 1277 3414 numerum

240 3452 313 3541 ejus
342 3456 428 3540 quod
459 3467 509 3519 est
535 3452 617 3542 μέλη
652 3468 772 3541 (neque
800 3458 884 3520 enim
915 3458 1109 3521 vocabulum
1131 3455 1213 3544 μέλη
1236 3458 1277 3521 de

239 3559 361 3622 ratione
383 3558 519 3642 quadam
544 3559 697 3641 cauendi,
729 3558 790 3621 sed
818 3559 859 3640 de
889 3562 968 3643 ipsis
998 3563 1130 3626 canticis
1160 3563 1277 3624 dietum

239 3684 315 3728 esse
338 3672 430 3747 puto)
451 3675 485 3726 et
506 3665 545 3727 ad
569 3665 657 3728 verbi
680 3660 979 3750 slepapeoilor-vim
1002 3666 1140 3729 animum
1163 3667 1277 3727 adver·

239 3769 353 3850 timus,
386 3769 483 3831 tacito
517 3789 557 3831 eo
586 3767 788 3851 deducimur,
812 3780 854 3832 ὀι
884 3768 1097 3851 Philoxenum
1131 3772 1276 3850 cantiois,

238 3888 323 3952 quae
353 3889 413 3933 nee
443 3882 631 3934 canerentur
661 3892 679 3933 a
710 3872 825 3953 elioro,
860 3890 964 3956 neque
999 3875 1128 3938 omnino
1161 3877 1203 3938 ab
1237 3892 1277 3938 eo

239 3973 429 4057 penderent,
452 3975 510 4037 sed
535 3977 601 4038 suis
626 3979 717 4059 qtrasi
740 3977 865 4061 legibus
881 3988 1057 4060 uterentur,
1082 3980 1277 4061 interpositis
