2916 4860
221 432 261 505 ll

239 608 380 675 'Pria
402 618 477 674 sunt
498 614 582 696 quae
598 611 640 677 ah
662 608 878 694 Antiphane
868 632 901 677 m
918 612 1098 680 Philoxeno
1119 620 1257 686 maxime

219 712 401 778 laudantur.
423 714 572 798 primum
580 714 668 798 quod
686 717 780 779 novis
797 716 916 801 ubique
931 720 1133 804 propriisque
1147 723 1256 787 verbis

219 835 299 881 usus
325 818 385 900 sit3
419 817 552 882 alterum
581 816 707 902 qaod
697 837 731 881 m
752 828 871 882 cautus
894 820 1060 885 miscendo
1089 822 1256 904 pulchram

217 921 378 1005 quandam
399 923 585 986 varietatem
613 919 755 984 intulerit
777 921 1006 1007 coloribusque
1029 934 1061 988 et
1081 927 1258 1009 pigmentis·

217 1042 277 1088 eos
298 1026 515 1108 consperserit
521 1046 532 1108 3
554 1024 681 1088 tertium
704 1025 859 1111 denique,
882 1029 970 1112 quod
984 1048 1076 1094 suam
1094 1033 1261 1115 quandam

217 1148 257 1195 ac
290 1129 488 1214 peculiarem
520 1130 642 1215 ingenii
673 1130 808 1195 formam
841 1133 1038 1219 significarit
1086 1137 1140 1201 Ad
1174 1136 1255 1202 haec

216 1252 300 1319 qnae
322 1243 355 1298 et
375 1233 482 1317 qualia
504 1235 569 1298 sint
591 1234 744 1319 deinceps
766 1237 906 1302 animum
928 1239 1143 1306 advertamus.

301 1354 396 1422 Nova
426 1368 533 1420 autem
554 1357 655 1420 verba
683 1373 747 1419 non
778 1359 884 1421 minus
909 1377 1004 1442 quam
1028 1368 1126 1422 metra
1148 1360 1253 1423 soluta

215 1456 407 1545 dithyrambi
430 1470 520 1524 erant
530 1459 681 1545 propria,
704 1479 805 1542 quare
820 1462 852 1522 in
870 1459 1011 1523 carmine
1027 1459 1067 1524 ad
1078 1459 1252 1526 Pindarum

215 1560 368 1627 Horatius
390 1561 466 1641 (Od.
488 1563 540 1647 lll,
563 1568 595 1647 2,
619 1566 713 1629 10-
727 1570 782 1644 12)
806 1569 907 1630 canit:

319 1729 321 1733 -
385 1685 454 1750 Seu
474 1707 534 1771 per
556 1687 697 1752 audaces
720 1709 803 1753 nova
828 1689 1048 1775 dithyrambos

386 1787 496 1881 Verba
518 1789 662 1855 devolvit
683 1794 889 1878 numerisque
912 1792 1011 1857 fertur

585 1896 673 1980 Lege
696 1896 820 1961 solutis.

299 2053 334 2117 ln
364 2053 428 2117 hoc
455 2053 553 2136 igitur
582 2070 739 2117 novorum
768 2054 940 2119 verborum
963 2075 1025 2121 usn
1046 2076 1105 2139 per
1119 2076 1164 2120 se
1186 2077 1250 2121 non

212 2159 286 2244 plus
307 2160 393 2223 inest
413 2157 675 2238 vituperationis,
704 2175 800 2240 quam
829 2159 860 2221 in
884 2159 1032 2243 eoquod
1057 2159 1250 2224 Aristoteles

212 2261 319 2339 (Poet.
335 2280 363 2324 c.
378 2263 436 2336 22)
459 2259 553 2323 dicit:
575 2258 640 2323 τῶν
659 2250 825 2340 ὀνομάτων
845 2254 887 2325 rol
907 2258 966 2342 μὲν
979 2261 1080 2328 διπλᾶ
1097 2251 1249 2349 ἁρμόττει

211 2370 280 2442 τοῖς
302 2357 553 2452 διθυράμβοις.“
574 2361 658 2426 Nam
680 2381 719 2426 ea
741 2374 810 2426 erat
837 2365 1029 2451 dithyrambi
1055 2376 1184 2450 natura,
1213 2376 1248 2432 ut

210 2469 355 2555 vulgaris
385 2471 488 2533 oratio
516 2469 548 2530 ei
574 2486 640 2530 non
661 2469 882 2553 satisfaceret,
916 2473 980 2535 imo
1008 2483 1044 2536 ut
1073 2473 1247 2556 orgiastico

210 2575 337 2657 furore,
360 2573 458 2636 animi
472 2570 729 2653 inflammatione,
752 2573 925 2639 verborum
939 2586 1063 2639 tumore
1075 2575 1128 2655 ³²),
1150 2595 1246 2660 gran·

211 2677 427 2760 diloquentia,
454 2675 610 2738 orationis
633 2675 770 2741 elatione
792 2680 895 2760 ipsam
917 2682 1011 2764 quasi
1033 2680 1086 2743 dci
1107 2680 1246 2745 laetitiae

211 2783 353 2847 auctoris
374 2789 518 2843 naturam
541 2782 741 2865 exprimeret.
773 2784 859 2847 Inter
876 2784 982 2847 omnia
1004 2782 1247 2848 enimdeorum

210 2903 303 2949 sama
327 2903 382 2966 ea,
409 2902 494 2967 quae
516 2882 556 2946 ad
579 2883 742 2947 Bacchum
763 2885 981 2969 pertinebant,
1010 2887 1148 2950 maximo
1171 2904 1244 2948 cum

209 2987 369 3053 effusione
390 2985 583 3071 agebantur,
613 2986 789 3071 deumque,
820 2986 912 3069 ouius
934 2997 1049 3070 potens
1070 3005 1188 3050 numen
1210 2988 1245 3050 in

209 3102 343 3156 naturae
364 3090 642 3155 vicissitudinibus
660 3090 911 3171 venerabantur,
934 3098 1121 3153 nascentem
1142 3106 1243 3152 verno

208 3205 352 3277 tempore
385 3210 451 3257 non
485 3193 591 3255 minus
624 3191 727 3255 effusa
760 3191 939 3275 excipiebat
970 3189 1106 3273 laetitia,
1148 3210 1244 3275 qnam

208 3296 315 3361 luctus
338 3292 465 3357 solutus
485 3294 672 3359 morientem
693 3303 845 3359 autumno
867 3294 1065 3376 sequebatur
1076 3294 1127 3370 ⁸⁸).
1160 3291 1244 3357 Can-

208 3408 297 3463 tuum
321 3405 444 3477 antem,
471 3397 546 3479 qui,
573 3396 644 3463 sive
666 3414 685 3459 a
708 3395 884 3480 majoribus
907 3406 998 3463 erant
1019 3396 1143 3478 traditi,
1171 3397 1244 3459 sive

208 3521 250 3573 ex
270 3510 414 3582 tempore
436 3499 477 3563 ab
500 3500 620 3583 agresti
635 3496 803 3581 juventute
825 3498 1057 3581 fundebantur,
1078 3499 1111 3563 in
1123 3497 1242 3563 Bacchi

206 3604 363 3677 honorem
393 3604 464 3666 cani
493 3601 659 3683 solebant,
689 3612 723 3666 ut
751 3604 844 3694 quasi
873 3603 951 3671 ab
942 3620 1015 3685 apso
1037 3601 1092 3669 dei
1112 3603 1243 3667 numine

206 3710 336 3775 inflatus
364 3709 453 3772 furor
480 3708 630 3791 proprius
660 3716 744 3789 erat,
778 3708 821 3770 ita
850 3707 995 3777 sobrium
1020 3708 1173 3845 quodque
1203 3727 1243 3773 ac

205 3821 300 3882 tenue
322 3810 394 3874 ab
384 3811 425 3874 ris
446 3819 515 3876 orat
535 3809 676 3876 alienum
688 3810 805 3886 ³¹²).-

294 3929 402 4012 Quare
424 3924 708 4015 Epicharmus,
674 3924 734 3998 ov'a
755 3930 825 3999 ἐστι
846 3924 1068 4024 διθύραμβος,
1099 3931 1195 4018 ait,‘
1183 3928 1241 4016 όκχ

204 4030 295 4127 ὕδωρ
316 4032 394 4127 πίῃς
406 4037 456 4114 ⁸⁸).
489 4038 523 4103 ln
539 4037 602 4102 hac
622 4039 731 4103 innata
745 4048 775 4103 et
794 4039 890 4104 insita
904 4039 1007 4105 forma
1021 4036 1241 4124 dithyrambos
