2916 4860
211 406 218 415 ’
240 420 283 483 48

241 590 409 675 ΒουςΙεῐπ
425 595 469 673 (p.
492 593 550 662 50)
573 564 680 672 putat,
704 587 793 672 quod
817 584 1166 673 »Polyphemus-quum
1182 586 1277 652 Gala·

240 702 323 757 team
347 702 492 774 caneret,
516 703 571 755 aut
593 689 720 753 luminis
742 690 794 752 sui
805 688 964 773 jacturam
979 692 1276 773 praenunciarent«

240 803 329 872 (num
354 815 390 859 ea
414 817 449 859 re
471 796 546 878 plus
568 796 690 878 gratiae
705 793 872 857 habiturus
895 813 969 857 esse
984 794 1046 858 sihi
1061 793 1278 875 vitabatur-t),

241 910 311 981 aut,
335 900 366 963 id
389 900 474 984 qnod
498 900 560 981 ipsi
583 898 687 981 magis
709 897 831 980 placet,
861 899 947 982 quod
967 897 1121 961 veternus
1150 900 1277 962 immani

240 1013 383 1066 monstro
413 1021 523 1065 casum
550 1000 649 1065 illum
667 1002 858 1065 vaticinatus
884 1003 937 1064 sit.
981 1001 1137 1065 Neutrum
1168 1022 1277 1065 verum

240 1118 300 1171 est.
355 1106 501 1190 Namque
535 1107 622 1190 quod
655 1105 695 1170 atl
730 1107 864 1187 primum
899 1105 977 1168 illud
1012 1107 1137 1186 attinet,
1172 1106 1280 1168 nititur

242 1206 351 1294 Bergl.
374 1209 447 1273 loco
471 1230 521 1292 ap.
545 1208 661 1273 Athen.
683 1206 772 1290 Xlll,
794 1228 825 1290 p.
849 1207 914 1272 654
935 1206 971 1269 lt
994 1207 1094 1289 male,
1119 1210 1151 1270 ni
1175 1207 1276 1286 fallor,

242 1314 283 1375 ab
306 1332 344 1376 eo
368 1312 540 1376 intellecto.
569 1311 677 1375 Verba
701 1311 781 1373 hacc
804 1321 894 1373 sunt:
917 1301 935 1375 ὁ
957 1308 994 1374 δὲ
1015 1301 1083 1376 τύδ’
1103 1308 1276 1397 Κυθηρίου

244 1412 416 1497 Φιλοξένου
432 1406 567 1496 Κύκλοι,
590 1411 672 1501 ἐρῶν
689 1415 746 1500 τῆς
765 1410 941 1490 Γαλατείας
956 1412 1009 1478 καὶ
1025 1411 1165 1481 ἐπαινῶν
1178 1408 1279 1502 αύιῆς

240 1514 279 1584 τύ
300 1510 432 1596 κάλλος,
464 1507 866 1603 προμαντευόμενος
887 1511 944 1603 τήν
963 1507 1143 1604 τύφλιρσιν,
1172 1505 1279 1582 πάντα

243 1622 364 1704 μᾶλλον
395 1615 495 1708 αύτῆς
528 1618 667 1704 ἐπαινεῖ,
708 1615 728 1708 ἢ
767 1620 830 1683 τῶν
861 1611 1046 1707 ὀφθαλμῶν
1078 1612 1278 1705 μνημονεύει.
1383 1628 1386 1639 ’

244 1730 316 1812 Quo
341 1730 412 1792 loco
435 1729 462 1791 si
487 1727 566 1790 illud
589 1719 873 1811 προμαντεύεσθαι
889 1723 1158 1809 interpretaberis
1183 1740 1278 1806 prae-

240 1835 404 1913 nuntiare,
428 1832 614 1896 sententiam
638 1827 773 1890 habebis
801 1828 880 1889 satis
903 1826 1052 1908 ineptam.
1095 1822 1278 1908 Namquitl

202 1922 204 1927 ¹
240 1937 424 1998 vaticinatio
447 1933 563 1997 illaad
586 1933 715 2016 puellae
739 1932 851 1995 laudes
873 1928 1036 2013 pertinet?
1080 1928 1146 1992 lmo
1170 1929 1279 1992 verhis

240 2028 543 2124 προμαντευόμενος
576 2057 604 2099 τ.
637 2027 732 2121 τύφλ.
768 2033 955 2115 Athenaeus
989 2033 1130 2096 indicare
1166 2031 1278 2115 voluit,

240 2160 303 2223 qua
325 2140 366 2202 de
389 2159 488 2202 causa
508 2137 650 2224 Cyclops
673 2134 831 2220 nymphae
853 2135 1120 2218 pulchritudinem
1142 2135 1279 2199 laudans

240 2242 407 2306 oculorum
430 2244 620 2327 mentionem
645 2260 709 2304 non
731 2240 887 2323 injecerit.
922 2239 1086 2303 Sententia
1109 2240 1191 2303 haec
1213 2251 1279 2302 est:
1390 2278 1394 2285 ·

241 2344 381 2430 Cyclops
402 2366 501 2430 quum
514 2346 668 2415 Galateae
687 2346 953 2436 pulchritudinem
972 2328 1122 2408 laudibus
1143 2345 1279 2429 efferret,

240 2450 449 2531 praesagiens
471 2450 613 2512 futurum
636 2449 771 2530 malum,
794 2449 908 2511 oculus
929 2440 1058 2532 puellae
1077 2467 1140 2511 non
1161 2447 1279 2531 laudat.

239 2548 313 2613 Non
337 2551 433 2634 igitur
455 2542 491 2612 se
515 2551 609 2613 oculo
633 2553 791 2633 privatum
822 2552 859 2614 iri
882 2553 1011 2616 disertis
1034 2551 1150 2615 verhis«
1165 2552 1278 2614 vatici·

241 2662 424 2732 natusest,
457 2653 514 2715 sed
547 2672 602 2734 eo,
636 2655 723 2737 quod
750 2666 873 2719 amatae
902 2657 1016 2720 oculos
1039 2675 1102 2719 non
1126 2656 1278 2734 laudavit,

240 2753 334 2837 quelle
357 2754 417 2817 sihi
439 2755 572 2818 instaret
595 2756 710 2822 malum
730 2761 796 2821 vel
820 2781 894 2823 non
918 2763 1052 2825 sciens
1075 2761 1277 2825 indicavit.

241 2855 362 2940 Aperte
383 2868 495 2922 'autem
518 2858 688 2923 Philoxeni
719 2860 951 2946 dithyramhum
982 2874 1085 2926 actum
1115 2864 1148 2925 in
1179 2882 1277 2926 scena
1346 2942 1361 2959 ·
1455 2850 1456 2869 ¹

241 2980 315 3023 esse
338 2962 454 3024 ducent
475 2961 641 3045 Aristoph.
671 2964 767 3027 verha
797 2966 828 3027 in
854 2963 949 3026 Pluto
973 2987 1003 3027 v.
1027 2966 1107 3029 290:
1141 2963 1194 3030 καὶ
1216 2959 1279 3052 μήν

240 3058 302 3149 lyei
316 3057 518 3151 βουλήσονται
539 3062 740 3154 θρεττανελοὶ
761 3062 815 3133 τὸν
830 3063 997 3135 Κύκλωπα
1010 3061 1209 3152 μιμούμενος
1223 3070 1278 3136 καὶ

238 3172 305 3234 τοῖν
327 3169 444 3235 ποδοῖν
466 3161 526 3241 ιύδὶ
547 3163 798 3259 παρενσαλεύων
820 3163 905 3253 ύμᾶς
926 3172 1011 3258 ἄγειν
1032 3172 1098 3238 κτλ.

327 3270 574 3336 Citharizantem
598 3276 694 3357 igitur
723 3275 802 3351 (huc
824 3285 946 3356 spectat
969 3274 1049 3359 illutl
1069 3271 1278 3362 castraneti)

240 3381 269 3433 et
294 3371 461 3436 saltantem
485 3374 659 3460 Cyclopem
689 3397 726 3441 se
756 3377 874 3440 imitari
903 3374 986 3438 ‘velle
1009 3374 1127 3440 Carion
1150 3379 1210 3458 ait,
1243 3378 1278 3441 id

240 3475 325 3558 quoti
343 3472 585 3560 frigidissimum
602 3486 708 3558 esset,
730 3479 792 3539 nisi
805 3476 1021 3541 Athenienses
1037 3478 1275 3551 citharizantem

239 3588 269 3640 et
293 3579 460 3642 saltantem
484 3578 660 3665 Cyclopem
682 3582 714 3644 in
738 3601 837 3646 scena
859 3593 954 3647 antea
974 3584 1140 3647 vidissent.

327 3680 431 3763 lpsam
453 3696 617 3765 praeterea
642 3686 728 3750 oculi
750 3688 975 3770 privationem,
1000 3706 1065 3750 non
1081 3691 1276 3772 vaticinium,

239 3786 272 3846 in
296 3783 463 3849 Philoxeni
487 3785 687 3871 dithyramho
710 3790 813 3853 fuisse
836 3809 877 3851 cx
898 3791 955 3873 iis,
986 3810 1069 3874 quae
1092 3806 1276 3875 sequuntur,

238 3887 465 3970 Aristophanis
489 3889 597 3952 verbis
620 3890 706 3954 clare
730 3893 844 3973 prodit.
878 3893 924 3956 lhi
941 3895 1024 3955 enim
1041 3894 1169 3979 chorus,
1193 3914 1276 3979 quae

239 3989 335 4054 Cario
369 3993 496 4054 imitans
525 3991 700 4077 Cyclopem
729 3995 898 4077 praeierit,
933 4016 969 4057 se
1000 3997 1044 4059 ait
1074 4006 1276 4079 peracturum
