2916 4860
244 421 287 486 34
306 422 311 517 ζ

245 582 388 674 quidem,
411 608 505 673 quem
528 587 633 652 solum
656 588 688 650 in
709 584 771 649 hac
793 603 829 647 re
851 594 1013 648 auctorem
1037 581 1208 664 habentus,
1239 583 1281 648 de

244 693 402 776 poernatis
424 704 555 756 auctore
577 692 619 753 ita
643 688 705 751 sibi
727 696 870 765 constat,
901 697 952 766 ut,
981 688 1108 769 quoties
1131 687 1281 750 camninis

227 783 438 860 =mentionem
461 794 554 876 facit,
576 794 670 855 toties
692 809 710 853 a
733 788 883 874 Cytherio
905 789 1083 871 profectum
1106 789 1184 853 illud
1207 808 1281 853 esse

246 898 344 960 claris
374 898 485 960 verbis
514 895 670 976 nieuw),
704 896 767 958 nisi
796 895 883 978 quod
914 895 978 974 uno
1007 896 1082 958 loco
1111 905 1220 977 aperte
1250 892 1282 957 iti

246 1001 427 1067 Philoxeno
442 999 605 1063 Leucadio
627 997 768 1081 parasito
790 997 896 1060 tribuit
908 998 966 1077 ⁰⁴),
990 997 1092 1062 altero
1114 1000 1158 1060 ita
1180 996 1220 1060 de
1242 1015 1283 1060 eo

247 1106 329 1186 agit,
360 1114 396 1166 ut
422 1104 578 1167 incertum
600 1099 795 1165 cohaerere
817 1099 1019 1181 confiteatur,
1053 1110 1157 1164 utrum
1179 1099 1283 1184 dithy-

247 1202 430 1269 ramborum
452 1213 566 1287 poetae
589 1223 630 1265 an
653 1202 817 1265 Leucadio
839 1204 882 1265 sit
904 1204 1104 1267 tribuendum
1117 1206 1169 1282 ω).
1213 1203 1284 1285 Qua

248 1312 280 1374 in
304 1329 357 1392 re,
379 1328 463 1393 quae
485 1318 535 1372 est
555 1308 638 1370 mala
654 1306 813 1371 Athenaei
836 1307 931 1387 tides,
955 1306 1053 1369 ulium
1074 1326 1149 1369 esse
1170 1307 1286 1370 horum

171 1463 176 1469 ,
250 1412 419 1476 verborum
443 1412 570 1493 pondus
594 1430 787 1493 negaremus
817 1431 922 1494 neque
944 1411 1162 1475 dubitaremus
1185 1410 1286 1475 Athe·

249 1533 382 1594 uaeum,
405 1534 425 1577 a
447 1514 755 1598 quodiversissima
779 1512 930 1589 confundi
954 1515 1146 1595 summu),
1168 1514 1287 1577 emonis

250 1630 403 1700 arguere,
431 1617 492 1679 nisi
516 1614 655 1680 Uinicius
678 1612 865 1701 Cytherium
889 1634 952 1678 non
974 1616 1076 1679 fuisse
1097 1616 1186 1679 iilius
1209 1634 1287 1698 poe-

250 1719 345 1782 matis
367 1727 529 1781 auctorem
553 1717 805 1794 affirmassent.
850 1717 951 1803 Cujus
973 1721 1034 1783 viri
1056 1701 1233 1784 auctoritas
1253 1729 1289 1780 ut

200 1882 207 1897 ,
251 1824 432 1887 accuratius
465 1841 532 1884 rem
565 1824 745 1885 iutueamur
777 1823 882 1890 efficit.
937 1825 989 1888 Ae
1024 1825 1135 1906 negari
1169 1825 1289 1908 nequit,

252 1944 364 1989 eorum
385 1926 578 2006 sententiae,
611 1926 667 2007 qui
687 1925 850 1988 Leucadio
873 1945 1000 1989 carmen
1023 1927 1180 2006 tribuunt,
1214 1925 1289 2008 ejus

147 2094 151 2099 ,
251 2030 332 2107 loci,
362 2030 418 2112 qui
447 2039 495 2091 est
524 2028 607 2110 apud
630 2026 748 2090 Athen.
772 2019 885 2110 1V‚‘p.
910 2029 990 2108 146,
1024 2029 1125 2091 forma
1147 2029 1288 2109 speciem
1391 2118 1394 2123 Ι

253 2133 412 2216 quandam
435 2132 580 2195 veritatis
602 2132 732 2212 imponi.
776 2130 858 2193 Nam
885 2133 915 2193 ,si
937 2131 1005 2194 iilic
1027 2131 1232 2212 Athenaeus,
1254 2140 1291 2191 ut

254 2232 324 2298 libr.
341 2233 369 2317 Ι,
393 2255 423 2315 p.
438 2239 459 2298 5
474 2233 519 2315 B,
542 2232 632 2296 nullo
647 2244 813 2314 praeterea
830 2234 930 2297 verbo
946 2234 1071 2316 addito,
1094 2233 1291 2298 Leucadium

253 2336 343 2409 illum
365 2337 540 2420 parasitum
563 2345 729 2398 auctorem
751 2337 963 2416 nominasset,
993 2338 1135 2418 pessime
1156 2318 1230 2398 eum
1252 2353 1292 2399 ea

254 2460 315 2520 qua
340 2440 422 2503 sciet
441 2441 616 2503 temeritate
632 2440 766 2501 tinorum
781 2439 945 2527 hominum
959 2441 1086 2502 uomina
1103 2438 1292 2502 confudisse

199 2588 214 2595 -
257 2541 438 2605 diceremus
446 2561 457 2621 3
480 2539 565 2622 quod
590 2558 667 2600 veru
691 2541 724 2601 in
747 2541 874 2604 inscitia
896 2562 933 2605 se
956 2544 1080 2605 versari
1102 2544 1174 2624 ipse
1196 2541 1295 2605 conii·

257 2654 356 2724 tetur,
396 2644 568 2726 quominus
601 2641 702 2705 verba
735 2642 807 2724 ejus
841 2654 874 2706 ut
906 2647 1073 2708 temeraria
1106 2645 1295 2729 abjiciamus

257 2745 405 2828 prohibet
438 2757 532 2829 atque
567 2743 687 2827 aliquid
710 2747 875 2827 <ponderis
910 2750 949 2810 iis
983 2749 1123 2810 tribuere
1159 2748 1294 2811 videtur.

257 2847 397 2911 Uinicius
420 2850 517 2931 igitur
539 2867 665 2911 earnteu
690 2847 874 2932 aCytherio
896 2851 1075 2932 profectum
1095 2870 1169 2914 esse
1191 2871 1228 2914 ea
1253 2851 1294 2913 de

258 2970 356 3015 causa
381 2962 492 3034 negat,
515 2950 601 3033 quod
624 2949 694 3032 ejus
716 2952 892 3034 tragmenta
911 2971 975 3016 non
995 2952 1127 3025 multum
1146 2964 1199 3016 aut
1216 2952 1295 3016 nihii

151 3104 153 3109 ,
258 3056 388 3117 ommno
411 3055 549 3136 prodant
570 3074 678 3117 earum
700 3055 866 3134 virtutum,
890 3054 1025 3136 quibus,
1047 3066 1296 3139 quantacunque

258 3155 373 3220 suerint
405 3150 500 3237 vitia,
529 3155 727 3221 Philoxenea
751 3176 842 3220 musa
874 3168 986 3221 ornata
1015 3159 1118 3224 tuisse
1141 3161 1296 3224 videatur.

258 3257 345 3335 idem
359 3258 511 3341 Bipparto
527 3261 631 3323 visum
655 3271 702 3321 est
714 3261 763 3333 ⁰⁸).
797 3259 829 3322 Is
849 3262 950 3340 enim,
973 3263 1295 3347 praeterquamquod

259 3360 426 3442 indignum
448 3360 764 3446 dithyrambograplti
786 3360 890 3447 gioria
910 3380 1023 3443 poema
1039 3382 1112 3426 esse
1126 3366 1296 3447 existimat,

259 3460 301 3525 ad
311 3462 471 3526 Athenaei
489 3462 632 3546 confugit
649 3463 868 3543 autoritatem,
891 3450 1009 3548 quippe
1031 3468 1085 3550 qui
1100 3450 1297 3533 Leucadium

259 3562 348 3628 illum
378 3566 553 3647 parasitum
583 3584 694 3628 eorum
723 3587 856 3631 numero
879 3569 1073 3653 adjunxerit,
1107 3575 1162 3656 qui
1192 3573 1232 3636 de
1260 3594 1297 3637 re

260 3667 380 3731 cibaria
403 3670 544 3732 carmina
567 3671 776 3752 pepigissent.
822 3671 891 3752 Qua
918 3675 953 3736 in
975 3693 1010 3736 re
1033 3675 1150 3739 veliem
1173 3678 1299 3742 cautius

261 3771 391 3852 egisset.
423 3770 613 3836 Athenaeus
632 3776 716 3838 enim
735 3794 793 3855 eo,
817 3777 858 3839 de
874 3796 941 3860 quo
959 3781 1085 3863 agitur,
1107 3791 1152 3864 (p.
1167 3781 1243 3856 58)
1255 3783 1300 3853 ⁶⁹)

261 3890 319 3937 eos
343 3883 505 3956 recenset,
527 3876 583 3958 qui
601 3872 740 3942 aetnam
762 3872 953 3967 ἀναγραφεὶς
966 3887 1221 3967 composuerint,
1244 3884 1301 3948 Ti·

261 3975 438 4039 machidam
461 3974 637 4060 Rhodium,
661 3977 1117 4069 Numeniumfleracteotem,
1141 3985 1299 4052 Matreum
