2916 4860
1171 415 1215 481 ut

176 586 257 652 iilud
290 587 333 651 de
366 603 482 653 vocum
514 595 611 650 cantu
642 585 773 669 σοφίαι
802 579 989 652 intermisso
1015 593 1111 673 atque
1142 595 1214 669 post

176 691 364 777 interjectos
384 708 578 776 organorum
600 697 713 754 oantm
728 689 835 754 denuo
851 697 988 772 excepto
1005 686 1124 754 delum
1138 707 1215 755 esse

176 807 304 880 putans.
353 793 449 877 Quod
477 791 594 859 deinde
623 792 750 876 qrrotim
775 790 820 855 ab
848 789 982 875 organis
1010 789 1213 857 nnsioisad

176 899 270 964 vocis
291 905 419 961 cantum
440 906 548 981 partes
569 913 611 957 ex
632 893 745 957 ordine
766 893 982 975 deferrentur,
1008 893 1104 958 toties
1124 909 1214 957 novo

177 1001 345 1087 rbytbmo,
366 1017 453 1063 nova
476 996 643 1062 harmonia
663 997 806 1067 musicos
829 998 875 1060 uti
897 994 1012 1061 solitos
1033 1015 1109 1060 esse
1128 993 1213 1060 Ulri·

178 1107 250 1171 cius
269 1113 375 1187 putat,
396 1102 600 1169 verissimum
614 1119 690 1164 esse
704 1099 781 1165 mibi
803 1099 941 1165 videtur.
974 1098 1069 1180 Quod
1082 1098 1214 1183 quidem

179 1206 221 1272 nb
243 1207 390 1290 antiquae
412 1196 534 1269 musica
554 1201 663 1268 indole
681 1203 930 1285 alienissimum,
950 1203 1144 1285 posterioris
1164 1204 1221 1267 in-‘

176 1309 277 1394 genio
297 1326 393 1393 mam
415 1306 553 1371 maxime
569 1304 791 1369 conveniebat
822 1303 936 1389 Neque
950 1305 1039 1369 enim·
1052 1304 1214 1387 prioribus

178 1410 375 1495 temporibus
396 1408 517 1474 licitum
538 1407 643 1471 strerat
665 1406 849 1473 hannoniae
863 1417 896 1470 et
910 1406 1076 1493 rhythmos
1088 1408 1214 1471 variare

178 1524 233 1579 ant
264 1531 284 1576 a
316 1511 513 1595 praescripta
548 1528 719 1575 nervorum
750 1512 896 1576 tensione
928 1523 962 1588 ta
989 1530 1054 1595 qua
1082 1510 1214 1575 muralis

94 1684 97 1688 Α
176 1616 347 1680 modorum
368 1615 563 1679 musicorum
583 1613 712 1680 indoles
725 1614 904 1697 pendebat,
924 1614 1050 1680 Boelrb.
1065 1616 1107 1681 dc
1124 1625 1213 1681 metr.

176 1718 271 1784 Pind
286 1740 319 1802 p
332 1717 411 1795 238)
430 1716 600 1783 discedere
611 1720 670 1802 ³³);
692 1737 767 1783 nam
781 1727 909 1783 veteres
924 1721 1097 1803 musicam,
1118 1718 1213 1804 cujus

177 1830 264 1886 esset
285 1819 326 1884 ad
349 1820 496 1884 virtutem
517 1820 644 1885 animos
672 1819 844 1885 informare
871 1820 1037 1907 sortesque
1065 1821 1213 1905 reddere,

178 1943 242 1989 non
263 1922 452 2007 penurbare
472 1931 569 2007 atque
590 1923 742 1988 libidines
766 1924 919 2008 incitare,
950 1944 1049 2009 quum
1076 1925 1215 1993 maxima

178 2046 254 2092 esse
274 2027 471 2108 constantia,
494 2024 671 2108 soliditate,
693 2027 871 2110 gravitate,
892 2028 1066 2093 severitate
1082 2027 1214 2110 vellent,

179 2128 391 2193 defendebant
411 2128 452 2192 ab
475 2146 514 2193 ea
531 2128 656 2210 omnia,
679 2128 960 2211 quasellicerent,
981 2139 1017 2195 ut
1030 2129 1214 2212 perturbata

179 2232 253 2315 itta,
280 2235 332 2297 cui
358 2251 457 2316 want
478 2231 616 2296 mamare
641 2230 828 2313 studebant,
856 2240 963 2295 motus
986 2231 1213 2314 aequabilitate

178 2335 307 2417 flueret,
336 2334 615 2401 vehementissime
641 2341 748 2395 autem
770 2332 802 2395 id
824 2332 1026 2396 retinendum
1048 2331 1214 2416 putabant,

176 2460 220 2504 ne
241 2449 314 2523 aut,
343 2459 428 2524 quae
456 2453 567 2503 natura
590 2435 725 2511 diversa
742 2445 868 2519 essent,
901 2437 1126 2518 miscerentur,
1157 2445 1215 2500 aut

176 2541 220 2606 ab
241 2561 299 2625 eo,
333 2542 418 2626 quod
450 2539 606 2624 cujusque
634 2539 750 2603 musici
777 2540 910 2624 generis
931 2540 1094 2623 proprium
1116 2548 1214 2620 essm,

176 2644 408 2710 deflecteretur.
442 2644 559 2710 Contra
570 2640 794 2726 Philoxenum,
813 2641 1027 2724 Timotheum,
1042 2641 1214 2725 Telestem‚

175 2766 257 2832 quos
280 2758 430 2832 tanquam
452 2749 615 2831 principes
637 2748 832 2812 musicorum
854 2747 942 2812 illius
963 2749 1077 2817 aetatis
1089 2748 1212 2834 Diony·

176 2851 246 2915 sius
268 2850 340 2917 Hal.
363 2852 419 2934 (de
440 2871 544 2934 comp.
566 2869 639 2915 voer
664 2853 718 2931 19)
741 2852 899 2933 nominat,
922 2860 954 2915 ct
974 2853 1091 2917 modos
1111 2856 1211 2919 musi·

176 2971 234 3019 cus
256 2963 287 3017 et
310 2954 465 3021 melodias
494 2956 538 3019 ita
560 2953 709 3018 audimus
738 2956 883 3018 variasse
906 2965 937 3018 et
959 2957 1148 3040 miscuisse,
1177 2969 1212 3022 ut

175 3060 208 3123 ia
239 3059 352 3124 eodem
380 3063 521 3125 carmine
548 3077 613 3123 non
641 3058 747 3124 solum
777 3059 880 3122 variis
904 3071 1070 3124 uterentur
1096 3061 1212 3144 modis,

176 3161 234 3225 sed
268 3182 310 3225 ne
338 3173 525 3227 recusarent
553 3163 683 3247 quidem
715 3164 756 3228 ab
782 3163 1009 3229 enharmonico
1042 3165 1084 3229 ad
1118 3166 1211 3232 ebro·

176 3265 325 3328 maticum
347 3284 452 3347 genos
474 3277 506 3328 et
528 3266 721 3331 diatonicum
743 3267 880 3331 transire
902 3267 948 3343 (id
969 3268 1055 3352 quod
1070 3289 1212 3335 summo·

174 3385 253 3448 pere
263 3386 362 3431 sanas
373 3368 642 3434 auresoli‘eodrre
655 3370 856 3453 videbatur),
878 3391 1026 3457 quaeque
1044 3373 1085 3438 ad
1103 3374 1213 3439 tibiam

175 3470 388 3553 pertinerent,
417 3491 457 3535 ea
480 3473 519 3535 ad
542 3473 695 3538 citharam
724 3475 914 3558 transferre,
945 3476 1082 3561 deniqne
1105 3478 1213 3542 diver·

174 3572 304 3637 elusim
325 3576 520 3656 permiscere
542 3587 573 3638 et
588 3578 693 3640 omnia
708 3578 742 3639 in
756 3578 862 3642 omnia
878 3577 1011 3642 sundere
1024 3579 1076 3650 ⁸⁸).
1109 3578 1213 3643 Tanta

174 3677 260 3739 enim
283 3687 353 3740 erat
372 3678 460 3741 illius
481 3676 596 3744 aetatis
617 3680 847 3762 inconstantia,
877 3689 911 3741 ut
934 3698 975 3742 ne
996 3681 1030 3743 in
1052 3689 1119 3743 arte
1142 3681 1212 3763 qui-

175 3778 247 3843 dem
269 3781 393 3845 musica
413 3781 499 3866 quod
522 3784 585 3848 sibi
607 3792 770 3847 constaret
797 3782 881 3846 ferre
910 3800 1011 3865 posse
1032 3781 1213 3864 videretur3

173 3883 270 3947 immo
293 3885 432 3948 maximo
454 3884 570 3968 plausu
590 3888 690 3953 mixta
718 3887 775 3953 iila
803 3906 924 3972 genera
952 3897 1121 3971 prosecuta
1151 3900 1212 3970 est,

175 3995 206 4050 et
239 3989 380 4070 posteris
413 3989 508 4053 etiam
541 3992 582 4055 ita
617 3991 823 4079 placuerunt,
863 4002 898 4054 ut
931 3990 1009 4058 nihil
1042 3993 1145 4077 magis
1177 3993 1212 4057 in
1245 4058 1251 4067 ,
