2916 4860
1165 458 1208 524 tu

171 626 287 693 maius
308 637 432 709 autem,
454 644 549 711 qnam
572 624 684 709 Piato,
707 624 940 710 Aristophanes
963 627 1005 693 de
1024 625 1206 696 Philoxeno

165 730 335 816 judicasse
351 729 493 813 videtur,
514 731 571 813 qui
588 728 788 795 nobilissima
805 730 877 816 ejus
896 733 1046 816 earmina,
1067 734 1101 798 io
1112 732 1206 799 Pluto

157 842 214 914 tv.
245 839 326 913 290)
362 833 556 921 Cyclopem,
594 834 628 899 in
666 831 905 900 Eooieaiazusis
920 837 962 917 ⁴¹)
1003 833 1206 921 cmvivium,

169 942 295 1026 peragit
316 950 411 1025 atqua
433 940 466 1003 in
487 936 550 1002 hae
570 937 700 1023 quidem
722 936 829 1003 iabnia
852 958 938 1004 nova
957 938 1015 1003 iiia
1035 939 1207 1005 verborum

170 1054 312 1108 monstra
334 1042 535 1127 perstringit,
558 1061 642 1127 quae
663 1041 889 1107 etPhiioxeoo
911 1054 944 1108 et
964 1046 1081 1110 ueteris
1102 1043 1206 1131 dithy-
1303 1070 1305 1079 ⁴

170 1147 374 1230 rambupoeis
386 1146 567 1231 ambiguam
579 1156 847 1227 comparaverant
857 1146 1002 1231 gloriam.
1028 1148 1207 1233 Antiphani

171 1259 276 1313 autem
302 1247 369 1313 -hoe
398 1249 452 1312 dat
479 1251 739 1333 exeusationem,
772 1252 859 1335 qnod
879 1262 1044 1335 poetamm
1065 1254 1129 1338 ipsi
1151 1270 1206 1318 aa·

169 1352 327 1437 qualium,
359 1352 415 1435 qui
448 1350 563 1416 alienis
596 1353 701 1416 ornati
733 1350 882 1433 bonis⁴²)
913 1355 1031 1421 misere
1062 1358 1206 1421 earmina

35 1516 44 1527 ,
146 1454 366 1537 pandebant,
394 1465 483 1519 tanta
506 1464 574 1519 erat
597 1455 746 1537 miseria,
775 1464 809 1519 ut
835 1474 877 1519 ex
895 1474 1010 1523 eorum
1031 1457 1206 1526 collatione

169 1557 210 1620 ad
233 1556 436 1639 superiorum
456 1556 696 1622 admirationem
717 1556 895 1623 duceretur.
938 1557 1020 1624 Nam
1047 1570 1122 1645 post
1141 1570 1207 1626 tarn

169 1660 373 1743 praeeipitem
400 1678 507 1723 rerum
537 1658 707 1742 delapsum
736 1661 895 1743 integrum
919 1681 1100 1748 sanumque
1121 1663 1207 1751 judi·

167 1765 252 1827 eiam
274 1763 399 1827 servari
421 1763 478 1827 vix
499 1772 638 1846 poterat,
660 1771 767 1846 atque,
789 1764 845 1845 qui
867 1773 917 1826 est
937 1763 1102 1829 huminum
1123 1784 1206 1847 mos,

168 1875 203 1929 nt
223 1884 265 1929 ex
285 1850 448 1948 praesenti
475 1866 607 1930 miseria
628 1864 668 1930 ad
690 1866 930 1948 praeteritarum
957 1886 1063 1932 renum
1085 1886 1206 1933 memo·

170 1971 249 2033 riom
270 1968 472 2053 confugiunt,
493 1969 541 2034 ilii
563 1970 644 2053 ipsi,
666 1970 721 2053 qui
737 1968 858 2054 aliquid
874 1970 1001 2052 priseae
1015 1971 1207 2056 integritatis

170 2075 315 2156 retinuit,
336 2076 481 2157 proxima
503 2073 788 2159 quartinonum
810 2074 995 2138 novissimis
1018 2073 1118 2139 nehus
1138 2090 1207 2139 me·

172 2176 252 2241 liora
274 2178 353 2257 sint,
374 2176 460 2241 bona
481 2174 685 2260 perfectaque
707 2173 809 2238 videri
832 2174 946 2239 solent.
969 2210 1010 2221 -

260 2279 311 2343 De
323 2289 512 2360 metrorum,
534 2278 652 2363 quibus
663 2276 864 2342 Philoxenus
878 2295 952 2340 oum
966 2278 1084 2341 eatenis
1099 2276 1206 2364 dithy-

67 2444 69 2449 ,
169 2378 417 2466 mmbographie
438 2400 517 2447 uene
539 2382 595 2465 eit,
617 2382 743 2445 ratione
764 2378 934 2464 postquam
955 2377 1080 2443 aVinis
1101 2378 1206 2446 doctis

169 2485 412 2549 amuratiasime
433 2485 627 2569 disputatum
649 2496 700 2551 est
724 2484 802 2563 teir.
822 2484 988 2572 Berglein.
1009 2507 1041 2570 p.
1063 2488 1107 2552 27
1128 2495 1205 2572 erp),

70 2656 73 2667 ,
168 2590 460 2671 pauoa‘monuisee
478 2576 532 2653 vil
544 2591 663 2673 potius
684 2589 856 2673 repetiisse
868 2591 949 2655 satis
963 2599 1022 2655 ast.
1054 2590 1207 2656 Numerio

169 2694 253 2756 eninr
275 2691 494 2778 Philoxenus,
523 2704 677 2778 quantum
704 2694 835 2778 quidem
864 2712 906 2756 ex
934 2692 1207 2779 dithyramborum

170 2795 358 2880 fragmentis
377 2798 532 2881 cognosci
554 2806 677 2880 potest,
700 2792 781 2860 u'sue
796 2806 846 2862 eat
867 2812 932 2858 non
954 2795 1126 2859 admodum
1147 2796 1206 2860 im·

170 2899 282 2984 peditis
304 2919 365 2964 neo
387 2911 498 2966 eontra
519 2900 611 2985 leges
632 2900 733 2981 dotis,
765 2898 826 2964 sed
852 2899 942 2962 varie
971 2898 1012 2962 ad
1040 2898 1206 2963 libidinem
1317 2918 1320 2923 ‘

169 3005 275 3068 mixtis
297 3015 394 3088 atque
415 3005 488 3070 sine
508 3004 574 3073 ulia
597 3003 836 3068 intermissione
864 3001 1016 3065 continuo
1038 3010 1072 3063 et
1090 2999 1207 3065 leniter

167 3105 352 3170 fluentibus.
404 3105 478 3170 Hae
516 3119 591 3172 sunt
629 3108 707 3173 iliae
746 3097 904 3188 denotat
941 3102 1026 3187 apud
1069 3102 1206 3169 Aristot

168 3208 260 3273 Riret.
288 3208 318 3291 1,
346 3210 370 3274 9
398 3211 463 3275 init.
496 3207 596 3293 (λέξις
623 3206 774 3299 εἰρομένη
802 3206 924 3291 καὶτῷ
945 3199 1115 3289 συνδέσμῳ
1136 3202 1205 3288 μία,

168 3305 281 3400 ὥσπερ
302 3306 337 3378 αὶ
358 3308 392 3377 ἓν
418 3316 488 3388 τοῖς
517 3306 737 3404 διθυράμβοις
765 3306 928 3396 morinis).
957 3307 1039 3397 λέγω
1062 3309 1100 3378 oi
1121 3307 1206 3402 elpo-

166 3410 278 3501 μένην,
321 3412 343 3503 ἢ
382 3407 480 3481 οὐδὲν
508 3410 576 3497 dipsa
606 3416 700 3495 τέλος
731 3409 811 3484 καθ’
849 3407 965 3503 αὐτήν,
1009 3407 1049 3482 ἄν
1085 3410 1133 3503 μῆ
1164 3409 1207 3482 ud

167 3518 303 3605 πρᾶγμα
335 3511 503 3603 indumen
533 3519 709 3609 τελαωθῆ)
743 3540 761 3584 a
794 3514 1090 3603 dithyrambopoeis
1123 3519 1205 3582 anti·

167 3620 372 3704 stropharum
393 3622 467 3685 looo
489 3632 637 3705 receptae
658 3620 762 3699 (Male
774 3619 962 3685 Aristotelis
983 3618 1089 3683 loeum
1110 3618 1205 3683 iutel-

166 3721 244 3786 lexit
259 3721 369 3788 Uir-ini.
388 3721 508 3788 Geseh.
531 3722 562 3787 d.
584 3721 659 3787 heii.
671 3722 732 3788 Lit.
754 3723 802 3807 11,
823 3744 855 3807 p.
868 3721 958 3796 592).
990 3720 1083 3786 Talia
1103 3729 1206 3785 metra

167 3825 209 3889 ab
231 3844 270 3889 ea
291 3820 529 3911 pulchriu'rdine
546 3836 579 3891 et
600 3827 777 3913 gravitate,
798 3844 862 3911 qua
876 3826 1018 3909 priorum
1031 3823 1205 3912 lyrieomm

166 3938 267 3993 metra
294 3930 435 4016 insignia
461 3940 553 4014 eunt,
570 3928 704 4019 ¹abesse
732 3928 922 4013 longissima
948 3945 1013 3992 noo
1040 3936 1091 3992 eet
1117 3924 1206 4012 qnod

166 4048 324 4096 moneam.
357 4030 510 4097 Veterum
532 4033 617 4098 enim
638 4029 953 4117 praestantissimos,
973 4039 1009 4094 at
1018 4029 1204 4114 Pindarum,

943 4134 997 4200 ᾖ*
