2916 4860
312 578 385 645 Jam
407 599 447 649 eo
469 580 701 664 pervenimus,'
717 590 753 644 ut
781 580 822 651 de
848 580 923 647 loeo
950 580 1005 645 illo
1031 579 1200 649 notissimo
1220 578 1255 645 in

226 681 498 753 Hermesiaoactis
518 684 624 768 elegia
635 685 695 767 ⁹⁸),
722 702 787 768 pao
809 695 923 768 poetae
952 685 1053 751 suari
1074 684 1189 749 mando
1211 681 1257 765 lit,

204 830 211 835 -
227 786 304 870 quid
326 798 501 855 statuamus
518 787 628 853 dicere
640 788 813 872 possimus
846 788 881 852 ln
896 806 961 872 quo
977 786 1019 851 ad
1034 796 1148 870 poetae
1161 788 1257 851 utam

226 888 397 956 referendo
418 891 603 973 infeliciter,
628 891 795 977 nifallor,
825 893 1012 976 interpretes
1033 893 1152 957 versati
1174 900 1257 957 sunt.

227 993 282 1058 Ad
303 1015 400 1059 unum
429 995 650 1075 enimomnes
673 991 836 1061 Galateam
852 995 966 1078 illam,
998 994 1093 1080 cujus
1119 1013 1258 1061 amorem

228 1097 284 1167 vel
311 1098 427 1163 ovibus
455 1097 606 1183 injecisse
621 1096 831 1163 Philoxenus
858 1099 925 1163 illic
952 1098 1067 1165 dicitur
1101 1100 1188 1177 (nam
1215 1098 1259 1161 ita

228 1201 390 1287 Berghius
412 1201 511 1267 verba
533 1201 703 1266 multifario
726 1201 767 1265 ab
788 1202 1012 1286 interpretibus
1033 1210 1152 1267 tentata
1173 1210 1258 1265 recte

229 1305 413 1390 explicuit),
436 1306 599 1371 tibicinam
620 1305 707 1370 illam
729 1326 804 1371 esse
826 1318 956 1390 putant,
983 1326 1078 1390 quarn
1100 1323 1164 1369 una
1186 1324 1259 1371 curn

229 1411 389 1495 Dionysio
411 1428 538 1475 amasae
559 1408 769 1485 Philoxenum
784 1408 909 1475 Suidas
926 1419 1043 1473 narrat.
1076 1406 1121 1472 At
1141 1424 1261 1473 verene

230 1522 340 1597 putas,
362 1521 488 1596 poetam
511 1531 624 1575 suum
646 1531 784 1579 amorem
807 1533 846 1583 ac
867 1512 1077 1592 desiderium,
1102 1530 1169 1596 quo
1190 1512 1262 1594 ipse

228 1604 396 1700 flagraret,
419 1616 462 1679 ita
485 1614 660 1699 abjecisse,
682 1627 718 1679 ut
739 1617 779 1681 ad
802 1634 875 1681 curn
897 1615 1056 1681 hominem
1077 1614 1263 1681 transferret

230 1718 437 1805 (Dionysium
459 1720 550 1802 dico,
573 1739 667 1804 quem
689 1721 749 1783 suh
761 1718 949 1804 Polyphemi
972 1737 1110 1802 persona
1127 1718 1263 1783 latuisse

230 1823 397 1899 credunt),
423 1823 456 1886 in
484 1823 575 1908 cujus
596 1823 766 1889 ludibrium
788 1824 927 1891 fahularn
950 1826 990 1890 de
1013 1822 1154 1912 Cyclope
1175 1845 1263 1891 com·

229 1928 368 2009 positam
400 1925 504 1991 fuisse
536 1926 749 1993 arbitrantur?
781 1926 856 1991 Non
885 1929 1008 2010 opinor.
1059 1926 1130 2012 Ego
1163 1937 1263 1994 toturn

229 2026 338 2093 locum
359 2028 404 2093 ita
423 2029 631 2111 interpretor:
675 2026 787 2093 Virum
810 2028 1139 2117 autemCytheriurn,
1168 2051 1264 2115 meur

229 2131 353 2205 Bacchi
376 2132 516 2199 nutrices
537 2134 729 2213 nutrierunt,
756 2150 777 2196 a
798 2128 901 2197 Musis
923 2133 1092 2197 educatum
1113 2132 1264 2199 Philoxe-

231 2257 308 2302 num
324 2238 426 2318 nosti‚
449 2255 544 2319 quam
557 2233 764 2301 vehementer
780 2246 958 2303 commotus
970 2238 1012 2311 ⁹⁹)
1035 2236 1094 2313 tde
1107 2236 1265 2302 vocabulo

233 2333 341 2429 ὠρυγῇ
362 2339 441 2424 quid
462 2338 566 2405 dicam
585 2356 649 2402 non
672 2336 791 2414 haheo)
811 2359 870 2422 per
890 2338 973 2403 hano
996 2340 1107 2403 urbem
1130 2340 1264 2422 venerit,

228 2445 367 2515 ,audiens
388 2462 538 2526 magnum
561 2440 712 2506 Galateae
733 2442 942 2526 desiderium,
965 2444 1051 2528 quod
1074 2443 1126 2508 vel
1149 2443 1266 2508 ovibus

232 2549 349 2633 injecit.
404 2545 519 2611 Omnia
552 2556 699 2628 spectare
732 2544 807 2611 mihi
844 2546 992 2613 videntur
1024 2547 1065 2611 ad
1097 2546 1266 2611 Philoxeni

232 2651 428 2736 Cyclopem,
450 2668 542 2733 quem
564 2650 669 2732 ipsum
691 2660 837 2733 poetam,
859 2670 956 2735 quum
978 2653 1012 2715 in
1034 2652 1146 2716 itinere
1169 2650 1264 2716 Colo·

233 2755 372 2839 phonem
394 2755 553 2833 venisset,
576 2753 726 2817 docuisse
747 2754 781 2817 in
802 2752 859 2819 illa
877 2754 957 2818 urhe
978 2754 1086 2817 credo.
1118 2753 1266 2835 Honest,

230 2859 322 2944 quod
344 2856 581 2925 llermesianax
603 2858 792 2923 audiisse
820 2860 936 2943 ingens
959 2856 1112 2922 Galatene
1136 2856 1264 2921 deside—

231 2965 314 3031 rium
328 2961 496 3031 Leontium
518 2961 614 3042 dicit,
636 2963 753 3046 quippe
775 2982 857 3046 quae
872 2963 958 3044 ipsa,
980 2979 1079 3044 quum
1092 2959 1264 3046 dithyram-

232 3066 297 3133 hus
318 3076 484 3151 ageretur,
514 3067 546 3130 in
573 3066 697 3130 theatro
726 3065 860 3131 affuerit.
904 3061 1139 3127 Hermesianau
1161 3073 1267 3128 autem

232 3169 409 3253 inclama,
439 3187 535 3252 quum
564 3188 676 3232 omnes
705 3179 818 3250 poetas
839 3169 958 3231 amoris
980 3167 1013 3230 vi
1036 3167 1162 3231 incitari
1181 3165 1267 3247 facit,

233 3271 298 3337 hoc
327 3273 422 3335 etiarn
450 3272 492 3335 ad
516 3291 577 3336 eos
607 3272 769 3335 transferri
795 3271 904 3355 jubet,
938 3274 1010 3356 qui,
1043 3274 1169 3337 etiamsi
1202 3291 1267 3337 nou

233 3388 343 3459 aperte
365 3394 490 3441 amores
513 3394 593 3439 suos
616 3378 753 3457 professi
774 3380 852 3460 sint,
876 3379 969 3442 tacite
992 3389 1096 3443 tamen
1118 3399 1177 3461 per
1198 3400 1266 3445 car·

119 3548 121 3551 ,
234 3481 320 3561 urina
343 3499 420 3562 suu,
443 3499 508 3564 qno
524 3481 604 3564 ‘igne
626 3479 815 3564 flagrarent,
837 3480 1043 3562 prodiderint.
1086 3481 1122 3549 lu
1144 3481 1196 3545 his
1218 3491 1267 3546 est

233 3582 410 3666 Homerus,
434 3605 528 3669 quem
552 3583 734 3667 Penelopes
757 3585 1054 3650 amoreincensum
1076 3584 1176 3650 frume
1187 3584 1267 3650 Har·

129 3707 131 3711 ’
233 3691 367 3755 mmian.
391 3688 473 3772 eleg.
496 3710 526 3751 v.
548 3691 590 3753 27
613 3690 697 3752 canit
711 3690 779 3771 ¹⁰⁰),
809 3690 842 3752 in
868 3684 919 3750 his
942 3688 1037 3751 etiam
1059 3688 1266 3771 Philoxenus,

233 3794 291 3876 qui
313 3810 370 3874 eo‚›
391 3791 477 3875 quod
500 3790 675 3877 Cyclopem
688 3810 797 3856 amore
812 3788 1091 3856 vehementissime
1106 3793 1268 3879 mcitatum

235 3909 332 3980 etque
353 3896 434 3960 adeo
458 3894 581 3961 belluas
597 3894 752 3961 Galateae
775 3893 934 3981 nymphae
949 3893 1109 3961 desiderio
1130 3897 1268 3973 imbutas

236 3999 341 4082 finxit,
371 4020 408 4064 ss
430 4001 536 4083 ipsum
557 4001 757 4082 praepotenti
781 4001 885 4067 amori
912 3999 1054 4064 cessisse
1076 4002 1173 4065 tacite
1195 4020 1268 4085 pm·
