2916 4860
205 594 318 662 illusas
340 617 379 663 se
400 602 493 684 sequi
510 597 640 685 juberet
663 595 773 678 (Diod.
788 596 885 682 XIV,
903 600 989 682 loe).
1032 597 1240 666 incommodo

202 701 333 784 quidem
366 704 395 767 ei
429 702 563 779 accidit,
598 710 632 764 ut
662 699 812 765 homines
843 701 890 765 illi
919 703 1073 788 aequales
1103 706 1241 788 poeticis

202 806 353 892 Dionysii
382 806 554 872 virtutihus
583 807 718 889 gratiam
747 826 811 870 uon
844 805 1015 886 referrent,
1049 827 1241 892 quamquam

202 912 289 972 enim
310 912 383 992 ipse
405 909 487 974 adeo
509 911 560 973 sui
575 911 698 994 ingenii
713 921 836 974 amator
851 922 935 994 erat,
958 922 992 974 ut
1006 911 1104 996 longe
1119 913 1241 997 majore

202 1011 299 1076 laude
328 1011 427 1096 digna
453 1013 488 1075 in
521 1012 663 1097 poetica,
696 1028 792 1095 quam
824 1013 911 1078 bello
944 1018 1146 1097 praestitisse
1177 1014 1240 1079 sibi

204 1116 386 1198 videretur,
408 1127 512 1182 tamen
537 1119 581 1180 ita
605 1138 625 1181 a
646 1116 782 1182 Graecis
805 1127 961 1200 exceptus
983 1128 1049 1202 est,
1070 1128 1120 1200 ut,
1142 1137 1241 1203 quum

204 1217 376 1302 aliquando
405 1219 446 1282 ad
476 1216 645 1304 Olympica
675 1223 849 1284 certamina
879 1222 1039 1303 misisset,
1073 1223 1131 1305 qui
1160 1240 1240 1285 suos

202 1341 319 1386 versus
351 1325 613 1406 pronuntiarent,
646 1323 839 1387 sibilaretur.
895 1324 986 1406 Quae
1019 1345 1073 1389 res
1113 1318 1187 1389 eum
1220 1345 1240 1389 a

201 1426 308 1488 studio
331 1444 392 1489 sun
421 1427 549 1489 minime
567 1425 732 1487 deterruit
759 1423 869 1500 (Diod.
890 1426 977 1509 XlV,
1001 1430 1073 1492 199.
1095 1427 1169 1510 XV,
1192 1430 1239 1503 6).

202 1526 346 1593 Maximo
375 1539 482 1593 autem
510 1528 618 1590 studio
646 1536 721 1609 post
750 1525 895 1592 coniecta
923 1529 1027 1612 bella,
1061 1540 1250 1615 quaecum

201 1636 520 1720 Carthaginiensibus
553 1634 675 1719 gessit,
713 1632 911 1718 Dionysius,
951 1651 1142 1717 quamquam
1175 1652 1240 1697 non

200 1749 354 1822 perpetua
376 1749 450 1821 post
470 1738 527 1802 illa
547 1757 630 1820 pace
650 1757 731 1802 usus
754 1749 822 1820 est,
855 1737 897 1801 ad
918 1738 1028 1801 literas
1049 1757 1088 1800 se
1110 1736 1243 1801 contulit

200 1850 376 1925 poetasque
407 1840 606 1904 clarissimus
635 1840 676 1904 ad
706 1860 743 1904 se
774 1843 942 1906 arcessivit
964 1840 1073 1917 (Diod.
1094 1839 1169 1923 XV,
1192 1844 1240 1915 6).

204 1944 297 2010 Bella
326 1956 433 2008 antem
462 1943 755 2028 Carthaginiensia,
788 1945 907 2028 quibus
938 1944 1012 2008 inde
1045 1943 1087 2008 ab
1116 1945 1242 2026 imperii

203 2051 295 2113 initio
318 2047 384 2124 (Ol.
402 2052 462 2128 93,
482 2053 519 2129 4)
542 2050 733 2130 saepissime
748 2047 927 2135 Dionysius
950 2059 1085 2114 vexatus
1107 2060 1168 2130 est,
1191 2051 1243 2113 sin

203 2153 308 2217 minus
330 2153 494 2234 coniecta,
529 2162 561 2216 at
588 2155 770 2219 intermissa
801 2174 876 2219 esse
897 2157 1081 2239 accepimus
1103 2155 1177 2218 inde
1200 2155 1240 2217 ab

205 2252 255 2317 Ol.
277 2256 330 2336 97,
353 2273 436 2319 anno
458 2253 480 2317 l.
503 2257 671 2338 usquead
694 2254 745 2319 Ol.
768 2256 828 2338 99,
858 2276 977 2320 annum
999 2259 1153 2340 primum,
1175 2274 1240 2340 quo

201 2367 277 2441 post
309 2358 488 2421 diuturnam
521 2378 634 2440 pacem
668 2358 787 2422 bellum
820 2377 893 2421 cum
923 2357 1241 2443 Carthaginiensibus

202 2462 454 2546 redintegratum
477 2473 527 2526 est
554 2461 664 2536 (Diod.
686 2459 774 2544 XlV,
798 2464 850 2527 95.
874 2499 914 2508 -
936 2462 1011 2546 XV,
1036 2465 1101 2544 15).
1145 2462 1240 2527 'lem-

202 2578 282 2646 po'ro
304 2564 361 2627 illo
384 2565 554 2648 intery'ento
565 2566 745 2650 Dionysius
762 2564 861 2627 ltalos
877 2584 976 2648 saepe
991 2565 1077 2631 bello
1094 2567 1241 2647 vexavit3

202 2680 308 2732 tamen
329 2669 412 2731 inter
433 2670 503 2754 ipsa
522 2667 607 2732 bella
629 2668 709 2730 satis
727 2669 782 2730 otii
805 2678 918 2731 nactus
941 2680 1007 2751 est,
1030 2680 1064 2732 ut
1081 2689 1144 2734 una
1167 2689 1241 2732 cunr

202 2775 323 2855 poetis,
352 2791 436 2856 quos
465 2791 577 2837 seeum
606 2755 763 2853 babebat,
793 2770 894 2834 literis
922 2772 1089 2856 indulgere
1118 2780 1240 2855 posset.

203 2874 289 2938 lnter
317 2893 375 2939 eos
405 2875 464 2939 fuit
491 2878 586 2938 etiam
615 2875 832 2956 Philoxenus,
866 2896 963 2959 quem
992 2892 1033 2941 ex
1064 2879 1123 2959 iis,
1156 2895 1240 2961 quae

201 2978 367 3045 Diodorus
388 2979 462 3062 XV,
484 2982 506 3043 6
528 2979 567 3043 de
581 2979 731 3066 Dionysii
754 2982 930 3045 studiorum
953 2994 1096 3063 tempore
1117 3002 1239 3046 memo·

201 3085 269 3146 riae
291 3082 444 3166 prodidit,
467 3083 525 3147 illo
547 3084 674 3147 circiter
689 3093 831 3164 tempore
853 3082 1039 3165 paulopost
1057 3083 1239 3148 confectum

202 3196 351 3270 quartum
372 3185 638 3272 Carthaginiense
659 3187 779 3251 bellum
803 3185 869 3268 (Ol.
890 3191 944 3270 97,
969 3191 997 3251 1.
1031 3188 1127 3254 Diod.
1149 3189 1238 3274 XlV,

201 3290 258 3366 95)
288 3288 469 3373 Syracusas
499 3291 620 3354 adiisse
645 3289 808 3374 Berglein.
837 3313 868 3375 p.
902 3294 942 3356 lt)
964 3292 1103 3376 collegit.
1148 3292 1239 3358 Haec

201 3394 409 3455 commoratio
424 3393 509 3475 apud
524 3394 720 3480 Dionysium
738 3415 794 3478 ec,
817 3396 903 3479 quod
915 3399 1008 3460 vario
1023 3398 1120 3461 modo
1135 3398 1238 3462 homi·

199 3494 251 3556 nis
284 3493 391 3558 studia
423 3497 589 3577 excitavit,
630 3500 888 3585 uberrimumque
926 3505 956 3565 ci
991 3504 1111 3587 ingenii
1143 3506 1238 3588 quasi

199 3596 353 3677 pabulum
379 3598 542 3681 praebuit,
576 3602 608 3664 id
638 3602 761 3685 effecit,
796 3613 830 3666 ut
856 3614 922 3668 tum
951 3607 1087 3668 maxime
1117 3607 1237 3688 ingenii
1319 3604 1323 3609 ⁴

199 3699 298 3762 ssores
320 3712 417 3784 poeta
438 3704 572 3784 aperiret
580 3726 590 3786 ;
618 3705 702 3769 unde
724 3704 772 3787 tit,
803 3718 836 3770 ut
858 3707 891 3770 id
913 3728 1040 3772 cannen
1063 3707 1236 3771 Philoxeni

198 3803 285 3886 quod
306 3806 481 3889 antiquitus
503 3808 536 3870 in
557 3812 694 3873 maxima
715 3809 901 3874 celebritate
930 3812 1035 3877 famae
1058 3822 1142 3895 erat,
1173 3810 1235 3897 cy·

198 3906 325 3989 elopem
348 3908 439 3990 dico,
461 3909 645 3996 Syracusas
667 3913 813 3977 redoleat
833 3911 945 3996 ibique
966 3915 995 3976 si
1019 3932 1083 3978 non
1105 3934 1235 3998 compo·

198 4011 312 4097 situm,
342 4020 374 4076 at
395 4025 585 4098 conceptum
607 4018 714 4083 animo
736 4038 812 4084 esse
833 4018 990 4083 videatur.
1034 4019 1235 4105 Quamquam
