2916 4860
251 582 389 651 Graecia
417 601 459 649 ex
487 581 606 668 populo
634 581 818 668 quicunque
846 581 1018 665 adessent,
1045 580 1088 649 de
1116 583 1291 653 virtutibus

250 684 405 753 artificum
419 686 595 753 sententias
611 685 729 750 torrent
749 684 855 770 deque
868 684 1096 751 certaminibus
1111 688 1194 752 iuter
1208 706 1289 772 poe·

249 798 301 853 tes
322 799 379 852 aut
400 790 542 855 musicos
563 783 714 852 institutis
736 804 836 869 penes
857 784 984 870 plebem
999 797 1088 855 essct
1103 787 1290 859 discernere

249 889 348 969 (Plat.
372 892 412 955 de
424 891 511 977 legg.
527 912 558 974 p
573 893 663 968 666).
696 890 822 973 Quibus
843 890 941 958 rebus
962 891 1080 959 lactum
1101 905 1166 977 est,
1190 913 1289 979 quum

250 1004 399 1062 vetustae
426 1015 539 1061 musae
568 996 802 1080 simplicitatem
830 995 959 1079 ineptae
982 1006 1015 1060 ct
1035 994 1120 1063 male
1141 998 1289 1063 eruditae

251 1101 342 1187 uulgi
364 1118 459 1166 aures
481 1109 686 1184 spernerent,
709 1101 906 1185 gravitatem
921 1099 1052 1165 emolliti
1066 1117 1174 1166 mores
1188 1103 1288 1167 susti·

250 1221 329 1267 nere
351 1221 417 1266 non
438 1212 589 1286 possent,
620 1213 653 1267 ut
675 1203 717 1269 ad
739 1203 829 1266 varia
854 1202 1289 1290 artificiadetortissimuquo

250 1316 403 1373 sorrormn
431 1316 464 1371 et
492 1302 729 1373 harmoniarum
758 1306 919 1373 lenocinia
940 1308 1055 1381 musici
1076 1307 1290 1394 confugerent

248 1427 289 1475 ac
310 1427 397 1474 novu
418 1410 556 1494 quisque
576 1411 708 1473 inventu
729 1410 762 1473 in
784 1409 940 1475 musicum
954 1410 1122 1493 inferrent,
1143 1396 1291 1496 utquam

249 1517 389 1581 maxime
417 1517 519 1600 prima
548 1517 658 1599 speeie
687 1516 867 1581 auditorum
895 1531 1013 1579 sensus
1038 1511 1205 1597 voluptate
1227 1515 1288 1577 im·

248 1617 406 1702 pellerent
444 1620 662 1704 acerrimeque
700 1626 948 1685 commoverent.
1011 1616 1136 1698 Quibus
1176 1616 1287 1701 rebus,

248 1738 346 1805 quum
363 1721 452 1806 vulgi
468 1721 632 1787 libidinem
650 1731 800 1806 tanquam
815 1718 962 1807 regulam
980 1728 1186 1804 sequier-etur,
1208 1718 1288 1791 Plu·

246 1822 383 1888 loxenus
413 1825 497 1890 sicut
525 1825 625 1891 ceteri
652 1822 743 1888 illius¹
770 1825 884 1890 aetatis
906 1825 1021 1891 musici
1048 1815 1288 1912 φιὶτίνθρωμον

248 1926 396 2008 quidem,
418 1925 448 1988 h.
470 1947 500 1989 e.
513 1927 644 1990 nitidam
658 1924 824 2010 vulgoque
846 1926 1045 1993 'commodum
1062 1936 1095 1991 et
1108 1925 1288 2010 jucundam

248 2028 404 2092 musicam
425 2026 581 2109 reddidit,
603 2026 662 2091 sed
684 2026 808 2109 abjecta
830 2029 965 2111 pristina
986 2028 1061 2113 ejus
1081 2029 1286 2113 simplicitate

247 2142 281 2195 et
301 2132 460 2216 gravitate
482 2132 571 2196 vines
594 2150 777 2217 nervosque
800 2133 894 2219 tregit
919 2142 1015 2219 etque
1038 2154 1082 2198 ex
1102 2126 1230 2201 sublimi
1253 2144 1286 2199 et

247 2234 488 2323 virililractam
517 2235 593 2301 fecit
622 2246 654 2300 et
683 2255 880 2320 exsanguem
904 2236 1130 2320 garrulumque
1152 2246 1185 2300 et
1205 2235 1285 2301 effe·

247 2338 397 2403 minutam
410 2339 463 2417 Μ).
506 2336 589 2402 Nam
612 2357 630 2401 a
653 2337 796 2402 moribus
815 2347 881 2401 tota
903 2340 1027 2403 musice
1050 2339 1166 2422 pendet
1173 2359 1184 2421 3
1206 2338 1284 2403 effe·

247 2442 375 2506 minatis
397 2454 503 2505 autem
524 2442 676 2506 sensibus
693 2461 880 2526 morumque
896 2440 1039 2506 mollitiei
1057 2452 1089 2506 et
1105 2443 1284 2509 animorum

246 2543 397 2630 languori
425 2543 553 2611 nonnisi
582 2541 688 2606 mollis
718 2553 749 2607 et
783 2543 964 2609 effeminata
996 2543 1135 2629 laxaque
1159 2546 1282 2652 musioq

246 2648 409 2713 convenit
430 2683 472 2695 -
968 2708 971 2717 ,

332 2749 405 2831 Quo
434 2768 534 2815 sensu
555 2747 748 2815 Plutarchus
761 2798 763 2805 ,
776 2748 798 2813 l.
820 2749 842 2813 Ι.
864 2749 1076 2817 Philoxenum
1102 2743 1283 2832 danmando

245 2845 365 2941 τρόπον
386 2864 532 2919 secutum
554 2873 629 2919 esse
651 2854 785 2938 dixerit,
807 2873 871 2918 non
892 2854 1015 2919 clarum
1037 2863 1096 2920 est.
1140 2853 1285 2921 Fuerunt

245 2960 301 3044 qui
334 2959 416 3025 illud
448 2950 626 3040 θεματικὸν
658 2956 698 3021 de
732 2955 854 3040 majore
883 2959 986 3040 pretio
1014 2957 1146 3023 musicis
1175 2957 1282 3039 posito

245 3064 363 3129 dictum
387 3083 461 3127 esse
483 3063 620 3144 vellent,
642 3081 727 3145 qnae
749 3082 803 3127 res
817 3060 978 3146 quomodo
992 3059 1035 3125 ud
1052 3061 1196 3127 musicae
1211 3076 1282 3121 cor·

244 3167 424 3250 ruptionem
445 3168 605 3250 pertinere
625 3166 763 3248 potuerit
784 3183 850 3229 non
873 3162 1017 3246 intelligo
1040 3160 1146 3240 (Rode
1161 3160 1281 3227 Gescb.

244 3268 274 3333 d.
298 3268 373 3332 hell.
395 3267 524 3331 Dicunt.
547 3266 593 3346 ll,
621 3286 652 3347 p.
675 3267 764 3340 316).
809 3263 969 3348 Sagacius
997 3271 1162 3349 praeterea
1185 3283 1281 3348 quam

244 3372 355 3437 verius
378 3389 453 3434 esse
476 3369 572 3453 puto,
593 3365 679 3453 quod
694 3364 855 3450 Berglein.
877 3388 909 3450 p.
932 3370 974 3432 20
988 3365 1180 3432 vocabulum
1200 3364 1283 3429 illud

247 3473 395 3538 »modum
416 3473 574 3539 musicum
594 3472 778 3556 significare
800 3472 972 3538 arbitratur
994 3473 1180 3557 vulgatum,
1207 3490 1280 3555 per·

243 3587 412 3662 vagatum,
433 3577 466 3640 in
488 3595 584 3661 quem
605 3595 718 3640 omnes
740 3576 879 3640 artifices
902 3575 991 3640 velut
1011 3576 1044 3639 in
1065 3571 1174 3656 θέμα,
1195 3573 1226 3639 h.
1249 3592 1280 3636 e.

243 3680 277 3745 in
305 3680 433 3745 modum
461 3680 656 3762 primitivum
684 3683 894 3746 convenerint
922 3683 1043 3766 quique
1073 3699 1279 3765 peromnem

243 3785 398 3851 musicam
419 3787 591 3868 permearit
613 3795 645 3849 et
665 3786 724 3850 toti
739 3787 935 3855 musicorum
949 3784 1121 3869 prosapiae
1138 3801 1280 3849 commu·

244 3887 295 3951 nis
315 3886 439 3953 treuna
474 3886 624 3979 l'mxime
646 3900 752 3956 autem
774 3890 815 3955 ad
830 3909 943 3955 verum
956 3889 1140 3955 accessisse
1154 3886 1280 3953 vidntur

243 3990 384 4059 Ulricius
405 3989 541 4069 (Gescb.
564 3992 595 4058 d.
618 3991 693 4059 hell.
710 3993 840 4061 Dicbtlr.
863 3993 908 4075 ll,
931 4013 961 4077 p.
980 3993 1082 4074 567),
1102 3981 1281 4072 θεματικὸν
1366 4052 1368 4057 ,
