2916 4860
1166 396 1238 485 arv

174 604 403 656 niversrssmns
425 608 604 655 arrrmorum
625 597 794 656 affectibus
814 590 988 676 aptissima.
1021 590 1131 677 Atque
1146 590 1210 657 hoo

172 697 280 778 ipsum
293 703 361 775 est,
383 694 469 778 quod
484 703 628 761 ueterum
640 692 813 777 nonnulli,=
825 702 861 757 ut
872 692 976 777 Plato,
995 692 1209 781 Pythagoras,

173 798 230 881 qui
258 796 354 861 tibias
380 786 563 886 dopmnis
589 821 627 865 ca
654 798 709 866 uui
731 793 950 886 πανηγυρικὸν
975 796 1029 864 καὶ
1057 792 1210 881 οὐδαμῶς

173 894 361 985 ἐλευθέριον
387 895 445 964 τόν
472 889 549 988 ἦχον
574 899 702 966 dicebat
730 901 786 977 (ol.
808 900 976 966 lamblich.
1006 921 1039 965 v.
1058 900 1157 988 ,Pytln
1179 921 1209 967 α.

173 1005 235 1085 uo,
257 1024 288 1086 p.
310 1004 387 1086 98),
419 1004 546 1087 tibiam,
579 1002 666 1088 quod
695 1018 753 1086 per
781 1022 819 1067 so
845 1004 919 1086 ipsa
944 1015 1057 1087 parum
1077 1003 1210 1068 habaet

175 1108 389 1171 continentiae
411 1117 444 1172 et
461 1106 620 1172 firmitatis
638 1120 700 1168 neo
713 1105 877 1169 meliorem
892 1104 1043 1169 redderet
1056 1106 1209 1188 animum,

176 1212 241 1275 imo
272 1209 381 1274 multis
414 1209 643 1295 cupiditatibus
671 1207 904 1293 affectibusque
933 1206 1088 1292 repleret,
1121 1217 1210 1274 tanto

174 1311 281 1376 studio
302 1313 441 1377 insecuti
462 1321 546 1377 sunt.
577 1310 687 1396 Atque
699 1311 833 1374 etiamsi
850 1309 942 1393 justo
956 1311 1102 1375 severius
1120 1309 1209 1394 judl-
1222 1350 1238 1367 κ

174 1435 269 1480 casse
290 1415 337 1480 illi
359 1415 543 1498 videantur,
572 1417 686 1501 negari
714 1416 841 1500 nequit,
870 1415 987 1498 poesin
1014 1414 1146 1480 multum
1168 1433 1210 1483 ex
1302 1452 1307 1461 x

174 1521 273 1583 nimio
293 1520 442 1584 tibiarum
464 1538 527 1583 usu
550 1519 728 1583 detrimenti
750 1519 888 1602 cepisse.
922 1517 997 1599 Quo
1009 1516 1112 1603 major
1126 1520 1210 1583 enim

174 1625 270 1690 tibiae
292 1635 362 1690 erat
382 1624 522 1688 laoilitas
543 1624 586 1689 ad
599 1625 709 1689 varios
731 1622 829 1687 animi
851 1621 985 1686 affectus
1007 1640 1048 1685 se
1065 1621 1210 1706 tingendi

173 1738 206 1793 et
227 1726 507 1811 accommodandi‚
538 1745 580 1792 eo
608 1728 715 1791 minus
742 1725 783 1789 nd
805 1724 968 1789 hominum
988 1725 1116 1789 animos
1137 1743 1210 1808 por·
1328 1806 1329 1811 ἵ

172 1828 352 1895 movendos
374 1831 499 1912 postica
521 1831 557 1895 vi
585 1839 618 1894 et
646 1829 759 1912 spiritu
788 1828 962 1912 divinoque
987 1826 1045 1890 illo
1068 1829 1210 1911 priorum

176 1943 340 2016 postumam
361 1932 476 1998 afflatu
495 1950 578 2018 opus
598 1943 684 2016 erat,
714 1950 831 2018 quum,
860 1933 948 2018 quod
975 1932 1089 2015 poesis
1114 1940 1210 1999 auten

175 2038 334 2121 valuerat,
351 2038 420 2123 jam
441 2038 564 2102 musica
585 2037 710 2102 valeret
726 2036 945 2122 paulatimque
962 2035 1005 2098 ob
1020 2053 1092 2098 eum
1105 2035 1210 2119 ipsam

175 2160 244 2205 rem
276 2162 297 2206 a
326 2143 430 2226 poetis
463 2143 587 2225 primae
618 2139 660 2204 ad
691 2141 836 2205 musicos
868 2137 984 2201 deterri
1014 2138 1208 2219 coepissent.

177 2239 382 2309 Nouissimam
418 2252 470 2307 est
501 2243 581 2307 illud
613 2240 764 2306 Pnatinae
796 2239 931 2305 Phliasii
964 2238 1208 2323 hyprorcuema,

174 2345 263 2429 quod
280 2353 382 2411 totum
401 2348 436 2411 in
457 2345 645 2411 incusandis
674 2344 760 2408 tibiis
781 2350 947 2423 uersatur,
976 2342 1097 2424 quippe
1124 2359 1209 2425 quaa

172 2447 291 2512 linibus
312 2450 383 2512 suis
408 2445 563 2534 egressae
585 2467 659 2511 eum
686 2446 796 2510 locum
824 2443 888 2508 sibi
918 2441 1123 2524 vindicarint,
1141 2444 1209 2528 'qui

173 2568 290 2615 vocum
311 2553 420 2616 cantui
442 2559 546 2624 esset:
576 2560 703 2616 cantum
726 2549 811 2613 enim
833 2567 853 2612 s
875 2544 979 2612 Musis
999 2567 1110 2633 rogem
1132 2566 1209 2614 esse

173 2655 395 2737 coustitutum,
419 2654 531 2718 tibiam
552 2653 701 2716 comitem
722 2670 764 2715 ao
784 2671 927 2736 servam3
956 2650 1118 2716 ebriomm
1139 2662 1209 2717 tan-

172 2768 238 2820 tmn
257 2756 417 2841 juvenum
443 2754 725 2821 comissationibus
754 2753 853 2818 tibiae
882 2772 958 2817 esse
979 2755 1211 2837 praeeundum.

173 2863 240 2928 Gir.
253 2861 369 2927 Athen.
383 2861 471 2941 XlV‚
486 2880 517 2944 p.
528 2863 610 2927 617:
633 2854 856 2947 Πρατίναςδὲ
877 2846 1089 2937 omissuros,
1111 2852 1209 2946 ariiq-

173 2967 237 3032 τῶν
257 2964 312 3031 καὶ
328 2965 491 3053 χορευτῶν
506 2955 724 3082 μισθρφὸρρνν
737 2952 934 3042 κατεχόντων
946 2981 1005 3035 νας
1019 2952 1208 3049 ὀρχήστρας,

173 3061 358 3154 dymnus
378 3090 467 3144 τινας
477 3065 543 3132 ἐπὶ
564 3066 611 3186 uqi
631 3087 709 3140 τους
730 3057 872 3149 αὐλητρὶς
892 3088 939 3154 μη
929 3060 1127 3132 συναυλεῖν
1139 3068 1209 3142 τοῖς

172 3175 297 3261 χοροῖς,
319 3162 475 3260 καθάπερ
495 3161 534 3265 ἦν
555 3159 708 3257 πάτριον,
731 3158 901 3245 άλλαὶυους
921 3191 1041 3258 χαρους
1061 3158 1217 3256 συνᾴδειν

172 3281 242 3352 τοῖς
274 3269 437 3364 αὐληταῖς.
492 3273 790 3341 Commodissimum
823 3283 929 3337 autem
961 3273 1071 3343 tibium
1106 3272 1210 3338 fuisse

172 3391 259 3463 patet
280 3380 591 3468 dithyramltepoeis,
614 3398 715 3465 quos,
736 3399 834 3463 quum
857 3379 898 3444 ab
920 3381 1017 3445 animr
1008 3378 1210 3464 'unuquilli

172 3490 240 3548 rats
249 3483 440 3570 longissime
455 3485 623 3566 abessent,
643 3483 839 3567 patheticum
851 3483 930 3548 illud
945 3495 977 3549 et
991 3466 1210 3568 orgiasdcum‚

172 3586 325 3671 quodque
343 3589 499 3652 acerrime
517 3587 643 3652 animos
656 3597 875 3650 commoveret
885 3597 919 3651 et
929 3585 1210 3651 vehementissima

170 3690 334 3775 incitaret,
367 3693 509 3756 omnium
535 3692 673 3756 maxime
694 3700 835 3756 sectatm
857 3709 933 3754 esse
954 3699 1090 3754 constat.
1135 3689 1209 3771 Quo

86 3880 90 3883 ι
170 3791 223 3876 lit,
245 3803 282 3857 ut
302 3803 335 3858 ct
355 3793 439 3859 alios
459 3792 714 3880 dithyrambicos
734 3802 847 3878 postas
875 3803 908 3856 et
929 3791 1146 3857 Philoxenum
1167 3810 1210 3858 err

170 3913 284 3960 somna
316 3914 450 3962 numero
482 3898 587 3963 inisse
618 3896 804 3980 credamus,
837 3896 893 3982 qui
924 3895 1073 3960 tibiarum
1102 3894 1210 3960 cantui

170 3999 343 4064 maximam
364 4016 496 4085 operam
519 3999 639 4066 darent.
674 3998 789 4084 Neque
810 3999 897 4065 enim
918 3999 989 4065 sine
1010 4014 1111 4062 causa
1132 3995 1209 4061 Piti-
