2916 4860
258 432 303 500 2⁰

258 590 497 687 Stesichorum,
531 618 721 688 quamquam
750 599 915 663 varietatis
944 599 1051 665 studio
1080 601 1193 667 ductos
1220 601 1292 667 lon·

258 709 368 792 giores
383 708 502 773 fecisse
518 706 669 790 periodos
684 715 780 786 atquc
797 703 831 767 in
853 703 951 768 multa
974 724 1031 770 eas
1047 704 1189 769 membra
1210 698 1293 769 divi·

258 814 343 878 sisse
366 812 544 898 Dionysius
572 810 644 874 Hal.
676 808 731 885 (de
758 824 957 892 compvoc.
981 808 1089 880 ο.19)
1118 807 1210 890 dicit,
1244 816 1294 871 est

256 928 364 981 tamen
385 918 418 980 in
439 916 573 979 maxima
597 915 750 978 varietate
762 912 878 977 modus
896 913 1025 997 quidam
1040 922 1071 974 et
1087 912 1293 994 continentia,

258 1029 354 1103 atque
376 1017 428 1082 vel
450 1018 679 1082 incitatissimis
707 1018 804 1082 animi
829 1017 970 1082 motibus
993 1016 1171 1080 constantia
1193 1034 1293 1099 quae·

258 1119 330 1184 dam
353 1117 475 1184 suffusa
499 1129 565 1201 est,
595 1118 685 1184 velut
705 1119 801 1185 uadis
823 1119 1050 1183 fluctuantibus
1070 1119 1103 1181 in
1127 1118 1191 1181 imo
1213 1119 1292 1179 mari

258 1222 617 1307 summatranquillitas
640 1222 860 1293 essedioitnr.
906 1218 1014 1301 Hanc,
1036 1239 1132 1304 quam
1155 1220 1292 1287 admira·

256 1341 345 1406 mur,
366 1325 645 1409 tranquillitatem,
667 1323 892 1403 constantiam,
915 1321 1166 1385 moderationem
1188 1321 1294 1406 dithy-

255 1425 481 1510 rambographi
514 1427 644 1489 omnino
673 1422 929 1506 aspernabantur
957 1423 1120 1507 nullisque
1152 1425 1319 1488 vinculis'

255 1527 400 1609 impediti
421 1529 613 1610 praecipites
642 1525 835 1601 ferebantur.
877 1524 1051 1589 Pulchrum
1081 1536 1187 1590 autem
1217 1547 1292 1591 esse

255 1627 336 1692 nihil
358 1638 482 1712 potest,
514 1631 577 1695 nisi
606 1630 692 1713 quod
715 1631 814 1694 certis
840 1628 956 1694 finibus
978 1630 1174 1712 continetur3
1207 1649 1291 1713 quos

256 1733 284 1795 si
313 1734 386 1816 quis
416 1734 546 1817 migrat,
579 1734 612 1796 in
642 1731 872 1799 deformitatem
898 1730 1019 1795 incidit.
1063 1730 1129 1795 cfr.
1159 1731 1290 1797 omniuo

254 1833 380 1899 Boekh.
411 1836 452 1900 de
481 1846 572 1901 metr.
595 1835 686 1900 Pind.
709 1856 740 1916 p.
762 1836 827 1899 273
849 1856 881 1918 p.
904 1837 967 1901 199
989 1856 1039 1919 sq
1066 1855 1097 1917 p.
1119 1836 1202 1917 294,
1233 1833 1291 1897 uhi

254 1939 296 2002 de
317 1940 429 2003 morali
460 1940 568 2004 indole
597 1938 816 2024 rhythmorum
845 1949 875 2001 ot
902 1947 1074 2001 metrorum
1101 1948 1134 2001 et
1156 1937 1197 2000 de
1219 1934 1293 1999 dili-

253 2042 380 2125 gentia,
402 2062 497 2126 quam
520 2051 634 2125 poetae
655 2045 764 2126 optimi
787 2045 820 2106 in
842 2060 883 2106 eo
904 2044 1087 2125 posuerint,
1115 2051 1150 2106 ut
1171 2059 1291 2106 conve·

257 2147 375 2210 aientia
406 2148 574 2211 sententiis
603 2156 703 2210 metra
731 2156 763 2210 et
792 2164 943 2211 numeros
974 2146 1169 2230 deligerent,
1200 2145 1292 2228 plura

256 2250 413 2313 invenies.
435 2286 477 2297 —-

342 2351 409 2417 Sed
443 2351 524 2417 haec
556 2354 636 2419 satis
670 2353 714 2417 de
743 2355 878 2437 poeticis
910 2353 1078 2419 Philoxeni
1111 2353 1293 2434 virtutibus,

256 2472 337 2537 quas
352 2460 401 2530 (ut
415 2473 538 2537 eorum,
560 2475 643 2540 quac
658 2456 900 2539 disputavimus,
916 2476 1071 2521 summam
1084 2457 1293 2540 colligamus)

256 2574 319 2620 non
342 2557 470 2620 maximi
500 2575 561 2620 nos
589 2558 699 2621 lacere
727 2557 879 2639 fatemur,
912 2564 1103 2641 quamquam
1132 2558 1293 2625 laudanda

257 2677 321 2723 non
344 2659 506 2725 defuerint.
551 2658 665 2745 Neque
688 2663 771 2724 enim
794 2664 998 2745 negaverim,
1027 2662 1238 2729 Philoxenum
1260 2674 1293 2725 et

256 2766 392 2847 quadam
416 2768 574 2829 sermonis
597 2769 792 2849 proprietate
815 2777 846 2830 et
868 2768 987 2849 ingenii
1009 2765 1162 2831 facilitate
1183 2765 1291 2831 excel-

256 2865 356 2933 luisse
369 2876 410 2928 ‘et
432 2868 620 2933 versicolori
644 2871 781 2953 quadam
810 2869 952 2933 colorum
974 2869 1129 2933 varietate
1151 2868 1292 2935 carmina

255 2987 409 3052 ornasso;
431 2971 493 3036 hoc
515 2973 678 3056 vitupero,
707 2973 814 3054 quod,
844 2990 928 3057 quae
958 2971 1052 3035 laude
1075 2972 1171 3057 digna
1194 2972 1227 3033 in
1250 2988 1291 3034 eo

255 3073 387 3155 luerint,
410 3076 443 3138 in
465 3077 574 3158 parvis
597 3077 721 3158 potius,
744 3097 839 3160 qnam
856 3079 887 3140 in
910 3078 1035 3160 magnis
1057 3075 1155 3137 rebus
1178 3093 1290 3138 cerna-

242 3185 322 3255 tur,
345 3176 550 3261 l'ulgeantque
572 3180 695 3263 inagis,
717 3199 811 3262 quam
834 3180 995 3244 soliditate
1017 3177 1291 3260 commendentur,

254 3277 393 3360 denique
427 3279 512 3362 quod
543 3292 658 3343 ornare
691 3284 816 3366 singula
850 3284 1046 3368 floribusque
1073 3302 1291 3367 conspergere

254 3382 358 3465 magis
380 3392 614 3463 poetaeourae
637 3383 748 3466 luerit,
772 3405 867 3468 quam
887 3388 918 3449 in
937 3405 1071 3469 magnas
1090 3405 1143 3449 res
1160 3384 1289 3468 dignas-

252 3499 316 3567 que
337 3493 432 3567 poata
461 3494 559 3549 totam
587 3488 710 3571 ingenii
733 3489 796 3552 vim
828 3499 860 3553 et
887 3489 1064 3553 sollertiam
1092 3498 1290 3552 convertere.

339 3586 411 3651 lam
434 3588 476 3651 ad
498 3588 630 3653 alteram
645 3592 864 3671 quaestionem
879 3592 1108 3657 transeundum
1123 3603 1190 3677 est,
1212 3594 1289 3677 quid

253 3692 285 3753 in
309 3692 488 3759 re-muaica
512 3691 712 3759 Philoxenus
735 3697 936 3776 praestiterit.
972 3696 1043 3777 Qua
1065 3698 1097 3760 in
1120 3718 1156 3761 re
1177 3699 1289 3763 facilli·

253 3812 338 3859 tnuru
361 3805 428 3874 est,
449 3814 533 3878 quae
556 3794 595 3859 dc
609 3794 780 3863 Philoxeni
803 3801 923 3864 meritis
946 3802 1146 3866 aveterihus
1168 3823 1289 3867 memo·

253 3895 321 3959 riae
342 3906 415 3960 sunt
436 3898 580 3979 prodita,
602 3919 641 3963 ea
663 3911 808 3982 repetere
816 3923 827 3983 3
844 3901 992 3983 judicare
1013 3903 1054 3966 de
1076 3905 1116 3967 iis
1139 3905 1289 3969 difficilli-

253 4020 349 4065 mum.
392 3998 537 4085 Namque
564 4024 660 4087 quum
688 4005 771 4070 alius
801 4008 846 4069 rei
871 4008 1008 4092 alicujus
1037 4010 1210 4095 adspectus
1236 4015 1289 4096 sit,
