2916 4860
194 404 301 504 ¹aa

249 575 413 645 <lemnum
425 586 502 660 puto
517 577 559 641 ab
573 576 835 645 Hermesienaote
848 578 955 657 honori
969 572 1162 661 πιστότατον
1175 580 1293 672 ταμίην

257 683 385 762 audire,
415 700 476 747 noo
499 693 617 747 tenrero
638 682 757 749 fautum
777 703 871 765 osse,
903 685 990 768 quod
1014 685 1207 752 Plutarchus
1236 689 1291 769 (de

256 796 337 851 niuis»
360 787 593 870 nautisque
622 786 663 849 ad
686 784 1078 872 Melanippidis'ternpora
1101 790 1249 856 tibicinas
1271 812 1291 855 a

256 889 361 971 poetis
383 888 564 953 mercedem
587 891 772 972 aesopiam,
793 890 868 953 inda
886 891 982 957 abeo
996 892 1029 955 id
1051 903 1203 977 mutatum
1218 914 1292 963 esse

256 998 371 1055 narrat.
404 990 656 1076 lmoutrumque
670 994 712 1057 de
734 994 820 1058 tibiis
842 996 886 1059 ita
908 998 1054 1061 meritum
1077 1017 1153 1071 esse
1174 1008 1290 1082 statuo,

255 1101 290 1157 ut
311 1109 385 1155 eum
408 1091 544 1159 aliorum
567 1104 631 1158 tum
653 1094 783 1160 illorum
812 1116 911 1180 opera
932 1099 1053 1163 sautum
1076 1119 1149 1179 ease
1171 1112 1289 1182 putem,

255 1205 289 1258 ut
311 1195 459 1259 tibiarum
481 1197 610 1279 quidem
632 1208 747 1263 oaotus
769 1202 884 1265 mirum
913 1203 945 1264 in
968 1202 1097 1267 modum
1120 1213 1290 1287 augeretur

254 1309 286 1360 et
307 1297 511 1381 perficeretur
533 1309 628 1383 atque
658 1304 838 1371 admirabili
866 1305 1042 1389 splendore
1068 1306 1289 1390 illustraretur,

253 1402 365 1484 poesis
386 1410 505 1467 ‘autem'
533 1402 681 1471 libiarum
714 1411 847 1492 strepitu
878 1412 1108 1492 opprimeretur
1137 1421 1169 1473 et
1196 1411 1290 1496 quasi

253 1503 499 1585 obstreperetur.
551 1504 751 1589 Quamquam
780 1509 820 1572 de
849 1509 1065 1596 Melanippide
1095 1534 1179 1599 quae
1212 1516 1289 1591 dixi,

253 1618 317 1672 trun
339 1608 411 1671 siue
431 1607 631 1673 dubitatione
653 1609 736 1675 diota
759 1625 843 1677 sunt.
880 1615 967 1683 Idem
990 1619 1074 1683 enim
1096 1619 1170 1699 ille,
1191 1639 1288 1705 ortem

253 1708 447 1777 Plutarchus
468 1721 532 1777 tum
562 1713 694 1797 egregie
724 1712 765 1775 de
794 1716 881 1781 tibiis
903 1722 1051 1784 meritum
1073 1742 1148 1788 esse
1171 1735 1288 1808 narrat,

253 1822 286 1873 ut
306 1811 464 1881 liberasse
486 1832 545 1877 aas
565 1836 606 1881 ex
627 1821 737 1897 poesis
759 1824 916 1891 servitute
938 1828 1116 1911 videretur,
1145 1831 1287 1912 ipsarum

252 1915 399 1979 tibiarum
420 1918 532 1981 irrisor
552 1920 672 1989 exstitit
693 1931 725 1987 et
746 1943 859 2005 poema
883 1929 1038 2010 condidit,
1060 1949 1125 2015 quo
1146 1932 1286 1999 fabulam

251 2018 292 2083 de
318 2018 465 2083 Minerva
492 2020 606 2087 tibiam
631 2020 822 2106 repudiante
851 2033 1072 2113 repeteretffl).
1124 2033 1290 2101 Tibiarum

250 2122 558 2205 lunupatrooiuuinr
580 2129 722 2209 suscepit
744 2128 908 2215 Telemus,
932 2137 1005 2219 qni,
1035 2156 1133 2221 quum
1155 2139 1286 2225 saepius

249 2226 282 2288 in
304 2225 491 2309 fragmentis
514 2226 600 2310 ejus,
622 2249 706 2313 qnae
722 2244 865 2318 exstant,
888 2238 1036 2307 tibiarum
1050 2240 1161 2313 laudes
1176 2244 1285 2324 insint,

249 2329 421 2411 singulari*
438 2348 516 2411 prae
549 2330 622 2397 aliis
655 2335 761 2398 studio
800 2337 862 2402 hoo
893 2342 1036 2409 musicae
1075 2364 1179 2428 genus
1212 2365 1287 2413 esse

250 2430 419 2514 amplexus
445 2432 579 2499 videtur.
603 2466 663 2483 -·
949 2450 954 2469 ¹

334 2534 519 2613 Extremum
541 2536 620 2601 illud
643 2548 710 2621 ost,
733 2559 774 2602 ne
796 2540 1019 2617 debita2laude
1041 2550 1192 2617 sruudare
1209 2550 1285 2615 Phi·

248 2635 398 2701 loxenum
421 2637 602 2720 videamur,
632 2649 668 2702 ut
688 2656 797 2724 pauca
815 2645 1021 2733 adjiciamus,
1049 2655 1188 2735 quaein
1211 2652 1284 2736 ejus

247 2741 382 2823 gratiam
406 2739 501 2805 allata
523 2753 607 2805 sunt.
650 2743 685 2805 ln
708 2752 795 2806 tanta
818 2749 919 2832 enim,
952 2771 1035 2835 quae
1063 2755 1147 2817 inter
1172 2772 1284 2821 onmes

246 2840 343 2930 illius,
355 2844 469 2909 aetatis
480 2845 623 2911 musicos
639 2844 740 2911 fuisse
754 2850 894 2936 videtur,
917 2859 1284 2935 vitiorumsirnilitudino

246 2948 426 3024 uouendum
443 2961 507 3032 est,
529 2970 571 3017 ne
594 2973 816 3036 eumprorsus
840 2960 969 3040 eodem,
993 2981 1057 3045 quo
1079 2963 1161 3027 alios
1184 2964 1281 3029 musi-

246 3064 320 3135 oos,
335 3065 376 3118 ,ut
399 3053 556 3145 Phryniu,
580 3054 757 3142 Classiam,
782 3048 979 3129 Timotheum
993 3064 1091 3131 ‘illum
1105 3065 1280 3148 Milesium,

244 3175 378 3223 numero
409 3157 593 3241 habeamus
622 3159 695 3229 ‚De
715 3181 767 3231 ,ra
800 3184 837 3226 re
871 3169 991 3248 optime
1025 3171 1091 3253 ogit
1119 3158 1280 3255 Berglein.

243 3276 274 3339 p.
298 3261 358 3336 at,
385 3261 447 3342 qui
476 3261 509 3325 in
537 3261 601 3326 hoc
629 3279 784 3346 prospere
810 3278 960 3338 versatus
982 3281 1048 3349 est,
1081 3284 1116 3339 ut
1138 3276 1281 3361 comicos

243 3357 427 3443 Phrynide‚
459 3360 605 3446 Cinesia,
641 3365 807 3433 Timotheo
832 3371 935 3459 ,longe
963 3375 1153 3443 clementius
1184 3391 1280 3464 atque

242 3461 460 3546 indulgentius
482 3465 637 3532 habuisse
655 3465 866 3539 Philoxenum
889 3478 1078 3545 ostenderet.
1113 3481 1280 3562 Quamad

242 3582 310 3635 rem
332 3565 528 3647 probandam
552 3571 649 3635 utitur
671 3579 837 3643 notissimo
861 3582 918 3649 illo
939 3584 1142 3655 Pherecratio
1162 3590 1278 3657 eorniui

241 3667 438 3752 inminente,
460 3672 515 3752 qui
538 3672 570 3734 in
595 3673 700 3763 sabula
723 3681 860 3762 quadam
883 3687 986 3768 ipsam
999 3687 1156 3757 Musicani
1179 3693 1279 3759 intro·

241 3772 378 3843 dtroabat
401 3785 467 3841 toto
490 3792 626 3859 corpore
640 3779 861 3853 ‹ledeooratarn
876 3798 908 3853 ot
923 3804 1171 3877 enumerantem,
1194 3812 1278 3877 quau

241 3888 260 3943 u
290 3880 424 3947 rrrtuiuis
451 3878 686 3967 Melumppide,
717 3887 864 3972 Cinesia,
898 3892 1078 3979 volyrius,
1110 3895 1277 3967 Timotheo

238 3979 323 4045 mala
354 4001 450 4063 pnsan
481 3994 578 4054 essa,
621 3986 655 4050 ln
682 3990 734 4055 his
762 3994 849 4076 quod
871 3993 1041 4065 Philoxeni
1068 4003 1187 4065 mentio
1209 4019 1276 4071 uon
