2916 4860
264 424 312 516 dl

268 599 312 661 ita
335 599 414 681 sint,
447 599 612 681 proposita
642 596 736 660 nobis
768 606 816 659 est
845 594 950 659 melici
973 596 1131 679 quaedam
1154 595 1311 659 dramatis

268 699 394 782 forma,
419 701 452 763 in
481 680 562 783 quaN
574 699 671 779 illud,
705 697 791 781 quod
822 697 956 781 lyricum
979 699 1110 780 dicitur,
1145 698 1312 783 quomodo

269 824 341 868 cum
365 825 423 887 eo,
447 806 531 890 quod
556 817 607 868 est
628 804 852 885 dramaticum,
880 802 1104 883 conciliemus,
1135 801 1312 864 videndum

268 917 327 975 est.
350 907 634 973 ⁴Prolisciscamur
656 929 673 970 a
697 918 803 971 cantu.
849 906 1045 971 Canentibus
1067 909 1150 970 enim
1174 927 1245 970 cunr
1267 909 1312 969 iis

267 1011 383 1094 rebus,
405 1033 489 1096 quas
513 1022 650 1093 canunt,
673 1010 788 1095 triplex
811 1030 885 1075 esse
907 1013 989 1074 ratio
1003 1021 1117 1093 potest⁴
1152 1009 1234 1073 Nam
1254 1021 1313 1074 aut

268 1114 311 1176 ita
333 1134 370 1176 se
392 1125 524 1197 gerunt,
559 1127 594 1178 ut
623 1117 722 1181 rebus
751 1119 951 1181 extrinsecus
982 1118 1088 1199 petitis
1111 1128 1207 1200 atque
1229 1136 1248 1180 a
1271 1136 1312 1178 se

269 1217 399 1279 omnino
423 1218 536 1282 alienis
559 1238 616 1283 ora
639 1232 758 1283 tantum
781 1232 814 1283 et
835 1216 935 1284 voces
957 1221 1151 1304 praebcant,
1176 1231 1230 1283 aut
1252 1221 1309 1303 ita,

268 1331 303 1385 ut
324 1341 385 1387 sua
406 1342 505 1387 sensa
529 1325 737 1408 eloquantur,
761 1345 881 1410 eaque,
904 1325 988 1408 quare
1001 1333 1134 1404 canant,
1156 1341 1215 1387 sua
1232 1341 1310 1386 esse

268 1412 492 1509 profiteantur,
516 1437 568 1491 aut
591 1430 635 1490 ita
655 1429 814 1514 denique,
837 1438 872 1491 ut
889 1429 1025 1492 aliorum
1041 1429 1169 1511 ingenia
1184 1445 1310 1490 mores·

269 1549 333 1612 que
366 1529 524 1593 imitantes
566 1549 675 1594 eorum
716 1534 843 1596 nomine
879 1532 1049 1616 loquantur
1088 1544 1310 1614 personasque

267 1632 410 1694 induant.
454 1631 539 1695 Huic
561 1632 644 1697 alius
675 1654 833 1717 personae
854 1635 1038 1717 imitationi,
1073 1654 1167 1720 quam
1196 1634 1310 1697 ultimo

267 1735 342 1798 loco
371 1737 464 1817 posui
491 1755 683 1821 quamquam
713 1739 744 1801 in
768 1737 897 1801 casola
922 1737 1088 1801 dramatici
1113 1736 1189 1800 nihil
1213 1737 1309 1817 inest,

269 1838 419 1902 dramatis
442 1840 600 1923 quaedam
623 1841 797 1905 similitudo
826 1842 1013 1925 imponitur,
1046 1841 1101 1904 ubi
1132 1840 1310 1903 distributis

267 1942 413 2023 partibus
443 1943 627 2025 complures
657 1944 740 2009 alius
769 1943 865 2006 aliam
900 1963 1070 2025 personam
1101 1943 1236 2009 induunt
1270 1964 1310 2006 nc

269 2044 412 2108 canendo
436 2063 473 2108 se
496 2047 666 2128 excipiunt.
711 2045 750 2109 Et
778 2045 857 2126 boc,
889 2048 921 2110 ni
944 2046 1058 2129 fallor,
1089 2046 1233 2127 art-troc,
1266 2045 1309 2108 de

268 2167 332 2230 quo
355 2150 475 2231 agitur,
510 2147 700 2234 dithyrambi
730 2167 833 2231 genus
864 2150 1018 2230 pertinet,
1053 2148 1138 2232 quod
1169 2168 1242 2211 curn
1266 2148 1308 2211 ad

268 2260 374 2314 actum
397 2253 579 2316 scenarium
598 2253 810 2335 compositum
826 2250 927 2315 fuisse
940 2252 1141 2334 accepimus,
1164 2261 1229 2315 tum
1243 2271 1306 2314 non

268 2354 398 2417 omnino
421 2353 603 2418 absumtum
626 2373 700 2417 esse
723 2374 742 2417 a
765 2373 863 2417 scena
878 2374 982 2437 neque
993 2354 1153 2438 abjecisse
1167 2357 1307 2418 innatam

266 2458 355 2525 illam
378 2470 410 2523 et
432 2460 560 2523 insitam
584 2458 716 2543 lyricam
739 2459 891 2538 formam,
914 2458 972 2520 sed
989 2458 1159 2521 retinuisse
1176 2459 1306 2520 scimus.

266 2561 340 2626 Jam
362 2564 391 2626 si
413 2562 478 2625 hoc
499 2564 644 2646 agimus,
681 2571 713 2624 ut
742 2562 774 2624 in
804 2561 860 2624 illo
890 2559 1161 2651 dithyrambornm
1185 2580 1306 2645 genere

264 2685 374 2749 'neque
396 2684 454 2728 eas
475 2675 600 2748 parteS,
624 2682 708 2748 quae
731 2663 852 2748 lyricae
874 2674 966 2745 sunt,
991 2683 1095 2746 neque
1118 2683 1193 2743 eas,
1223 2683 1306 2747 quae

266 2767 309 2830 ad
325 2768 486 2831 scenicam
501 2778 599 2832 artem
615 2769 783 2850 pertinent,
805 2769 1025 2853 negligamus,
1045 2770 1087 2831 ita
1104 2778 1239 2853 utraque
1253 2786 1307 2832 res

266 2868 464 2953 disponenda
488 2891 562 2935 esse
584 2872 726 2954 videtur,
748 2883 783 2934 ut
805 2872 1020 2936 concedamus
1037 2871 1184 2955 quidem,
1208 2873 1306 2936 actio·

265 2992 339 3037 nem
369 2975 526 3057 quandam
561 2986 745 3060 motumque
775 2976 841 3039 ferc
869 2975 1076 3039 dramaticum
1106 2974 1306 3061 dithyranrbo

266 3097 331 3143 non
355 3079 512 3161 defuisse,
543 3089 709 3143 teneamus
737 3099 817 3143 vcro
847 3091 878 3143 et
899 3080 979 3162 hoc,
1013 3079 1099 3142 illam
1123 3101 1217 3164 quam
1241 3081 1305 3145 dixi

266 3182 472 3245 dramaticum
494 3184 652 3245 actionem
675 3185 720 3247 ita
742 3185 932 3258 recessisse,
955 3193 990 3246 ut
1011 3201 1205 3267 progressus
1228 3204 1305 3247 con·

265 3285 499 3365 versioncsquc
529 3302 633 3347 rerum
664 3303 727 3348 uon
763 3295 826 3347 tam
860 3287 1065 3347 cernentibus
1095 3289 1304 3369 spectantium

267 3383 371 3448 oculis
394 3384 656 3466 ostenderentur,
682 3405 778 3468 quam
801 3405 866 3469 quo
889 3405 941 3449 res
965 3398 1241 3471 converterentur,
1266 3408 1306 3451 ex

267 3488 462 3552 canticorum
485 3489 623 3570 ratione,
652 3488 770 3572 quibus
799 3475 991 3574 dithyrambi
1023 3509 1180 3572 personae
1210 3492 1310 3554 modc'

266 3590 416 3673 alternis,
439 3590 534 3653 modo
548 3591 916 3672 'monodicc-canentrs,
940 3611 1023 3675 quae
1039 3595 1213 3676 sentirent,
1236 3597 1305 3678 qui·

265 3693 392 3776 busque
410 3701 593 3755 tenerentur·
605 3695 688 3756 vitae
707 3693 941 3758 conditionibus
954 3695 1191 3779 eloquerentur,
1214 3700 1304 3761 audi·

265 3805 352 3859 tores
374 3796 597 3877 intelligerent.

350 3897 581 3980 Compluribus
603 3909 707 3962 autem
730 3901 827 3964 rebus
850 3912 882 3964 et·
902 3910 1034 3983 poetae,
1063 3914 1094 3964 rt
1115 3904 1157 3985 ii,
1187 3904 1304 3987 quibus

265 4002 411 4087 agendus
434 4002 656 4086 dithyrambus
679 4016 762 4086 erat,
786 4006 836 4067 usi
860 4015 951 4085 sunt,
980 4004 1097 4087 quibus
1121 4026 1188 4088 rcs,
1220 4024 1304 4089 quae
