2916 4860
1178 447 1222 513 53

188 626 307 683 novam
329 616 392 682 hoc
413 617 683 700 dithyramliorum
712 638 818 703 genus
843 632 958 704 magna
981 638 1055 682 cum
1078 618 1223 683 anenata
1257 630 1261 635 ⁴

187 734 227 787 et·
241 723 367 786 luxoria
389 741 429 785 ex
450 722 505 786 illa
527 723 640 787 radice
656 724 750 805 qnasi
765 721 949 805 pullulavit,
972 723 1118 805 corporis
1130 720 1225 787 senio

187 827 324 893 coniecti
355 825 498 891 nondam
537 829 624 890 omni
656 829 786 890 omnino
824 829 856 890 ri
888 828 1023 891 efficace
1054 828 1224 891 exstincta·

187 930 241 997 Ad
262 932 391 994 omnino
413 930 541 1013 quidem
562 931 782 1016 dithyrambos
804 931 969 995 descendit
999 943 1095 1015 atque
1117 916 1224 995 omma

187 1035 330 1117 undique
351 1035 497 1118 collegit,
520 1055 603 1119 quae
617 1033 777 1117 ‚majorem
795 1038 824 1099 ei
846 1035 1052 1117 splendorem
1075 1047 1105 1097 et
1127 1053 1222 1099 orna·

187 1147 253 1201 turn
267 1138 460 1221 tribuerent3
482 1141 638 1204 musicam
651 1151 752 1204 artem
766 1151 800 1202 et
820 1142 978 1203 mimicam
1001 1158 1064 1203 nou
1087 1139 1224 1203 comites

188 1242 250 1305 sibi
272 1242 432 1326 adjunxit,
460 1243 518 1305 sed
546 1264 587 1306 ex
608 1245 761 1306 servitute
783 1244 825 1305 ad
841 1243 1024 1309 libertatern
1048 1243 1226 1309 vindicavit

188 1358 219 1408 et
240 1347 292 1411 sui
313 1347 407 1430 qrrasi
425 1345 512 1429 juris
532 1345 629 1427 feeit3
649 1347 708 1409 sed
729 1347 880 1411 omnibus
901 1349 1036 1412 musicis
1066 1360 1095 1412 et
1118 1336 1241 1413 mimi-⁴

187 1452 236 1515 cis
258 1453 454 1514 ornamentis
481 1449 626 1514 collectis
654 1471 711 1523 ea,
740 1471 824 1534 quae
845 1454 1014 1534 amiserat,
1049 1453 1223 1515 ironiratetn

187 1565 219 1617 et
240 1555 423 1640 dignitatem
444 1572 508 1616 non
530 1554 650 1617 reiecit
694 1552 775 1616 Nam
798 1556 852 1637 qui
875 1558 980 1619 omnia
1002 1556 1085 1617 artis
1101 1571 1223 1637 genera

186 1661 220 1722 in
242 1658 473 1742 dithyrambum
496 1669 645 1740 tanquam
667 1661 700 1722 in
717 1679 814 1723 unum
837 1660 1084 1741 pulcherrimum
1103 1676 1223 1740 corpus

187 1761 348 1825 coaluisse
369 1780 442 1825 oum
463 1781 589 1825 somma
605 1765 747 1824 omnium
760 1762 942 1847 integritare
959 1774 990 1825 ot
1005 1763 1223 1827 consensione

187 1866 394 1948 arbitrantur,
423 1866 456 1929 id
486 1867 604 1930 iactum
634 1876 856 1950 computant,
878 1865 974 1947 nuos
1003 1864 1071 1929 lieri
1091 1864 1223 1929 omnino

187 1970 295 2052 nequit
302 1990 313 2051 3
344 1980 468 2049 emant,
496 1972 552 2052 qui
582 1971 738 2033 musicam
766 1982 799 2033 et
821 1970 978 2031 mimicam
999 1978 1086 2030 artes
1108 1967 1222 2052 aequis

179 2070 311 2154 juribus
333 2070 486 2153 coniungi
507 2090 607 2154 posse
629 2091 702 2139 cam
716 2074 807 2155 poesi
831 2072 974 2135 credunt
1007 2069 1078 2135 Hoc
1092 2071 1222 2153 quidem

186 2172 328 2257 Bergkio
356 2174 520 2254 concedo,
550 2176 704 2238 rationem
733 2177 825 2238 inter
843 2177 956 2258 poesin
986 2188 1019 2238 et
1041 2175 1114 2239 illas
1136 2185 1221 2238 artes

188 2277 432 2341 intercedentem
462 2278 590 2340 omuino
611 2297 687 2341 esse
705 2287 871 2359 mutatam3
893 2277 950 2340 sed
966 2279 1009 2339 ita
1025 2289 1144 2341 mutata
1162 2288 1222 2357 est,

186 2390 234 2455 ut,
256 2398 339 2464 quae
362 2390 512 2464 regnarat
534 2392 644 2458 antea,
669 2396 768 2460 regno
790 2378 959 2460 ejiceretur
980 2390 1077 2462 atque
1099 2381 1142 2442 ita
1165 2377 1221 2441 de·
1246 2439 1248 2442 Α

185 2487 387 2567 minneretur,
416 2496 451 2547 ut
481 2503 523 2549 ex
544 2484 673 2548 sublimi
703 2483 758 2545 illa
782 2482 953 2567 lyricorum
976 2494 1008 2546 et
1029 2484 1222 2565 tragicorum

184 2599 350 2670 poctarum
378 2587 657 2672 grandiloquentia
688 2589 728 2650 ad
760 2590 886 2653 inanem
917 2604 1032 2651 vocum
1055 2588 1221 2668 strepitum

185 2692 397 2758 delaberetur.
446 2693 560 2776 Neque
593 2691 656 2755 hoc
690 2711 792 2776 nego,
825 2692 910 2773 quod
940 2691 1025 2753 idem
1054 2692 1221 2754 verissime

184 2805 307 2875 monet,
336 2795 598 2878 dithyrambicam
626 2797 738 2876 poesin
762 2813 834 2856 eum
858 2805 924 2856 roto
946 2796 1052 2875 gentis
1075 2792 1221 2859 Graecae

184 2899 313 2981 ingenio
335 2909 368 2962 et
387 2900 452 2962 vita
476 2898 654 2963 arctissime
676 2910 827 2983 tanquam
843 2899 982 2963 momina
997 2919 1069 2962 cum
1085 2919 1221 2982 corpore

183 3002 358 3068 cohaerere
366 3024 377 3084 3
410 3003 475 3065 imo
509 3000 648 3064 inumbra
678 3021 720 3064 cx
748 3020 884 3084 corpore
911 3002 1122 3084 sangninem,
1156 3021 1220 3086 quo

184 3107 295 3171 vivant
309 3107 520 3189 agerentque,
543 3102 670 3167 trahere
692 3102 833 3185 allinu03
856 3113 889 3166 at
904 3122 1016 3169 sanum
1039 3103 1095 3167 illa
1116 3114 1220 3167 aetate

185 3206 380 3273 Graecarum
401 3229 508 3273 rerum
529 3226 648 3289 eorpus
670 3208 771 3271 lirisse
793 3209 865 3291 quis
892 3220 940 3270 est
962 3208 1018 3290 qui
1045 3206 1155 3270 ‹licat‘l
1177 3244 1218 3257 —

270 3308 336 3374 Sed
356 3329 528 3394 pergamus
542 3311 585 3375 ad
606 3312 710 3375 linem.
745 3311 857 3377 Restat
870 3311 970 3391 enirn,
994 3324 1028 3374 ut
1042 3313 1218 3395 videamus,

183 3424 334 3498 quantum
348 3415 517 3479 Philoxeni
541 3416 683 3500 Cyclops
706 3417 746 3481 ad
769 3430 884 3498 poetae
906 3418 1004 3478 vitam
1025 3418 1218 3498 pertinuerit.

182 3504 370 3593 Athenaeus
399 3520 484 3585 enim
511 3518 558 3599 tl,
580 3538 610 3599 p.
632 3520 663 3599 o,
686 3519 724 3591 7)
757 3528 790 3579 et
818 3516 921 3581 schol.
950 3519 993 3582 ad
1015 3519 1112 3582 Arist.
1134 3518 1218 3583 Plut.

94 3693 99 3702 ,
182 3625 247 3689 290
264 3635 400 3704 poetam,
422 3643 520 3707 quum
532 3621 707 3708 Syracusis
722 3634 922 3704 versaretur,
945 3625 1096 3688 tibicinae
1110 3622 1218 3706 cujus·

182 3726 255 3791 dam
278 3745 386 3790 amors
407 3739 535 3808 captam
549 3727 697 3815 Dionysii
720 3733 844 3815 tyranni
868 3731 1062 3813 zelotypiam
1076 3733 1217 3794 movisse

182 3840 311 3892 narrant
332 3829 471 3913 ideoque
492 3833 526 3894 in
548 3831 695 3905 latomias
719 3854 794 3897 esse
816 3833 1014 3915 conjectum,
1039 3835 1114 3919 tuga
1139 3854 1217 3897 vero

182 3931 321 3997 uinculis
352 3951 390 3995 se
424 3935 580 4015 eripuisse
593 3938 646 4011 Ἣ.
691 3937 723 3998 ln
758 3954 890 4000 carcere
922 3948 1026 4001 autem
1060 3937 1216 4005 Aelianus

181 4033 274 4109 (Ver.
297 4035 377 4100 Hist.
400 4036 475 4119 Xll,
505 4041 564 4115 44)
596 4040 685 4131 addit
714 4039 925 4105 Plriloxenunr
956 4040 1089 4122 injuriae
1120 4041 1215 4104 ulcis-
