<?xml version="1.0" encoding="UTF-8"?>
<!DOCTYPE html PUBLIC "-//W3C//DTD XHTML 1.0 Transitional//EN"
    "http://www.w3.org/TR/xhtml1/DTD/xhtml1-transitional.dtd">
<html xmlns="http://www.w3.org/1999/xhtml" xml:lang="en" lang="en">
 <head>
  <title>
</title>
<meta http-equiv="Content-Type" content="text/html;charset=utf-8" />
  <meta name='ocr-system' content='tesseract 3.04.00' />
  <meta name='ocr-capabilities' content='ocr_page ocr_carea ocr_par ocr_line ocrx_word'/>
</head>
<body>
  <div class='ocr_page' id='page_1' title='image "./dephiloxenocyth00klingoog_0050.png"; bbox 0 0 2916 4860; ppageno 0'>
   <div class='ocr_carea' id='block_1_1' title="bbox 732 388 1210 467">
    <p class='ocr_par' dir='ltr' id='par_1_1' title="bbox 732 388 1210 467">
     <span class='ocr_line' id='line_1_1' title="bbox 732 388 1210 467; baseline 0.002 -1"><span class='ocrx_word' id='word_1_1' title='bbox 732 398 740 451; x_wconf 75' lang='lat' dir='ltr'>t</span> <span class='ocrx_word' id='word_1_2' title='bbox 1155 388 1210 467; x_wconf 69' lang='lat' dir='ltr'>aa</span> 
     </span>
    </p>
   </div>
   <div class='ocr_carea' id='block_1_2' title="bbox 169 560 1213 1791">
    <p class='ocr_par' dir='ltr' id='par_1_2' title="bbox 169 560 1213 1791">
     <span class='ocr_line' id='line_1_2' title="bbox 170 560 1210 660; baseline -0.007 -17"><span class='ocrx_word' id='word_1_3' title='bbox 170 578 308 644; x_wconf 77' lang='lat' dir='ltr'>intextae</span> <span class='ocrx_word' id='word_1_4' title='bbox 342 582 445 656; x_wconf 74' lang='lat' dir='ltr'>eraut)</span> <span class='ocrx_word' id='word_1_5' title='bbox 479 560 647 641; x_wconf 88' lang='lat' dir='ltr'>Philoxeni</span> <span class='ocrx_word' id='word_1_6' title='bbox 681 575 817 660; x_wconf 84' lang='lat' dir='ltr'>Cyclopi</span> <span class='ocrx_word' id='word_1_7' title='bbox 852 576 1046 638; x_wconf 86' lang='lat' dir='ltr'>dramaticus</span> <span class='ocrx_word' id='word_1_8' title='bbox 1079 575 1210 657; x_wconf 85' lang='lat' dir='ltr'>quidam</span> 
     </span>
     <span class='ocr_line' id='line_1_3' title="bbox 171 674 1210 766; baseline -0.006 -22"><span class='ocrx_word' id='word_1_9' title='bbox 171 694 303 747; x_wconf 87' lang='lat' dir='ltr'>ornatus</span> <span class='ocrx_word' id='word_1_10' title='bbox 326 695 358 747; x_wconf 88' lang='lat' dir='ltr'>et</span> <span class='ocrx_word' id='word_1_11' title='bbox 372 692 545 766; x_wconf 87' lang='lat' dir='ltr'>apparatus</span> <span class='ocrx_word' id='word_1_12' title='bbox 556 674 626 742; x_wconf 81' lang='lat' dir='ltr'>init.</span> <span class='ocrx_word' id='word_1_13' title='bbox 657 678 767 762; x_wconf 81' lang='lat' dir='ltr'>Atque</span> <span class='ocrx_word' id='word_1_14' title='bbox 783 679 866 741; x_wconf 90' lang='lat' dir='ltr'>sicut</span> <span class='ocrx_word' id='word_1_15' title='bbox 881 677 997 759; x_wconf 87' lang='lat' dir='ltr'>priscis</span> <span class='ocrx_word' id='word_1_16' title='bbox 1013 675 1210 757; x_wconf 75' lang='lat' dir='ltr'><strong>temporibus</strong></span> 
     </span>
     <span class='ocr_line' id='line_1_4' title="bbox 169 778 1211 866; baseline -0.01 -17"><span class='ocrx_word' id='word_1_17' title='bbox 169 797 292 850; x_wconf 87' lang='lat' dir='ltr'>tantum</span> <span class='ocrx_word' id='word_1_18' title='bbox 314 786 431 866; x_wconf 86' lang='lat' dir='ltr'>abfuit,</span> <span class='ocrx_word' id='word_1_19' title='bbox 455 788 489 848; x_wconf 79' lang='lat' dir='ltr'>ut</span> <span class='ocrx_word' id='word_1_20' title='bbox 503 785 698 866; x_wconf 70' lang='lat' dir='ltr'><strong>dramaticus</strong></span> <span class='ocrx_word' id='word_1_21' title='bbox 715 782 841 847; x_wconf 84' lang='lat' dir='ltr'>habitus</span> <span class='ocrx_word' id='word_1_22' title='bbox 865 801 883 842; x_wconf 91' lang='lat' dir='ltr'>a</span> <span class='ocrx_word' id='word_1_23' title='bbox 906 778 1106 864; x_wconf 85' lang='lat' dir='ltr'>dithyrambo</span> <span class='ocrx_word' id='word_1_24' title='bbox 1123 788 1211 842; x_wconf 84' lang='lat' dir='ltr'>esset</span> 
     </span>
     <span class='ocr_line' id='line_1_5' title="bbox 170 879 1212 974; baseline -0.011 -21"><span class='ocrx_word' id='word_1_25' title='bbox 170 890 313 974; x_wconf 87' lang='lat' dir='ltr'>alienus,</span> <span class='ocrx_word' id='word_1_26' title='bbox 337 900 371 953; x_wconf 88' lang='lat' dir='ltr'>ut</span> <span class='ocrx_word' id='word_1_27' title='bbox 393 890 424 953; x_wconf 93' lang='lat' dir='ltr'>in</span> <span class='ocrx_word' id='word_1_28' title='bbox 446 891 519 973; x_wconf 87' lang='lat' dir='ltr'>ipso</span> <span class='ocrx_word' id='word_1_29' title='bbox 534 885 590 950; x_wconf 92' lang='lat' dir='ltr'>illo</span> <span class='ocrx_word' id='word_1_30' title='bbox 607 885 812 968; x_wconf 71' lang='lat' dir='ltr'>tragoediae,</span> <span class='ocrx_word' id='word_1_31' title='bbox 835 902 917 966; x_wconf 86' lang='lat' dir='ltr'>quae</span> <span class='ocrx_word' id='word_1_32' title='bbox 933 890 1045 963; x_wconf 86' lang='lat' dir='ltr'>postea</span> <span class='ocrx_word' id='word_1_33' title='bbox 1061 879 1212 962; x_wconf 77' lang='lat' dir='ltr'>effloruit,</span> 
     </span>
     <span class='ocr_line' id='line_1_6' title="bbox 170 982 1211 1073; baseline -0.01 -17"><span class='ocrx_word' id='word_1_34' title='bbox 170 994 292 1057; x_wconf 87' lang='lat' dir='ltr'>semina</span> <span class='ocrx_word' id='word_1_35' title='bbox 317 991 467 1073; x_wconf 70' lang='lat' dir='ltr'>laterent,</span> <span class='ocrx_word' id='word_1_36' title='bbox 498 991 541 1055; x_wconf 88' lang='lat' dir='ltr'>ita</span> <span class='ocrx_word' id='word_1_37' title='bbox 570 985 750 1070; x_wconf 86' lang='lat' dir='ltr'>posteriore</span> <span class='ocrx_word' id='word_1_38' title='bbox 779 996 900 1066; x_wconf 87' lang='lat' dir='ltr'>aetate,</span> <span class='ocrx_word' id='word_1_39' title='bbox 930 982 1099 1067; x_wconf 80' lang='lat' dir='ltr'>postquam</span> <span class='ocrx_word' id='word_1_40' title='bbox 1121 985 1211 1047; x_wconf 90' lang='lat' dir='ltr'>varia</span> 
     </span>
     <span class='ocr_line' id='line_1_7' title="bbox 169 1089 1210 1178; baseline -0.004 -21"><span class='ocrx_word' id='word_1_41' title='bbox 169 1095 281 1176; x_wconf 86' lang='lat' dir='ltr'>poesis</span> <span class='ocrx_word' id='word_1_42' title='bbox 301 1112 422 1178; x_wconf 78' lang='lat' dir='ltr'>genera</span> <span class='ocrx_word' id='word_1_43' title='bbox 443 1092 599 1173; x_wconf 90' lang='lat' dir='ltr'>vinculis,</span> <span class='ocrx_word' id='word_1_44' title='bbox 622 1091 740 1176; x_wconf 89' lang='lat' dir='ltr'>quibus</span> <span class='ocrx_word' id='word_1_45' title='bbox 759 1101 850 1153; x_wconf 87' lang='lat' dir='ltr'>antea</span> <span class='ocrx_word' id='word_1_46' title='bbox 871 1089 1133 1170; x_wconf 73' lang='lat' dir='ltr'>continebantur,</span> <span class='ocrx_word' id='word_1_47' title='bbox 1157 1108 1210 1157; x_wconf 88' lang='lat' dir='ltr'>so·</span> 
     </span>
     <span class='ocr_line' id='line_1_8' title="bbox 170 1187 1211 1278; baseline -0.003 -19"><span class='ocrx_word' id='word_1_48' title='bbox 170 1196 244 1260; x_wconf 89' lang='lat' dir='ltr'>lutis</span> <span class='ocrx_word' id='word_1_49' title='bbox 267 1198 410 1278; x_wconf 88' lang='lat' dir='ltr'>separari</span> <span class='ocrx_word' id='word_1_50' title='bbox 434 1208 463 1260; x_wconf 89' lang='lat' dir='ltr'>et</span> <span class='ocrx_word' id='word_1_51' title='bbox 486 1214 578 1259; x_wconf 85' lang='lat' dir='ltr'>sunm</span> <span class='ocrx_word' id='word_1_52' title='bbox 601 1194 748 1278; x_wconf 84' lang='lat' dir='ltr'>quodque</span> <span class='ocrx_word' id='word_1_53' title='bbox 771 1187 856 1257; x_wconf 88' lang='lat' dir='ltr'>via&#39;m</span> <span class='ocrx_word' id='word_1_54' title='bbox 878 1212 917 1257; x_wconf 88' lang='lat' dir='ltr'>ac</span> <span class='ocrx_word' id='word_1_55' title='bbox 941 1195 1096 1257; x_wconf 86' lang='lat' dir='ltr'>rationem</span> <span class='ocrx_word' id='word_1_56' title='bbox 1118 1194 1211 1277; x_wconf 84' lang='lat' dir='ltr'>sequi</span> 
     </span>
     <span class='ocr_line' id='line_1_9' title="bbox 170 1296 1212 1382; baseline -0.002 -19"><span class='ocrx_word' id='word_1_57' title='bbox 170 1309 364 1381; x_wconf 87' lang='lat' dir='ltr'>coeperunt,</span> <span class='ocrx_word' id='word_1_58' title='bbox 387 1302 450 1361; x_wconf 89' lang='lat' dir='ltr'>una</span> <span class='ocrx_word' id='word_1_59' title='bbox 474 1296 601 1381; x_wconf 86' lang='lat' dir='ltr'>quidem</span> <span class='ocrx_word' id='word_1_60' title='bbox 626 1296 817 1382; x_wconf 84' lang='lat' dir='ltr'>dithyrambi</span> <span class='ocrx_word' id='word_1_61' title='bbox 840 1297 940 1361; x_wconf 79' lang='lat' dir='ltr'>forma</span> <span class='ocrx_word' id='word_1_62' title='bbox 972 1297 1072 1381; x_wconf 86' lang='lat' dir='ltr'>(quod</span> <span class='ocrx_word' id='word_1_63' title='bbox 1096 1317 1212 1362; x_wconf 84' lang='lat' dir='ltr'>noaren</span> 
     </span>
     <span class='ocr_line' id='line_1_10' title="bbox 170 1397 1213 1483; baseline -0.003 -19"><span class='ocrx_word' id='word_1_64' title='bbox 170 1402 325 1467; x_wconf 88' lang='lat' dir='ltr'>latissime</span> <span class='ocrx_word' id='word_1_65' title='bbox 347 1408 447 1483; x_wconf 86' lang='lat' dir='ltr'>patet)</span> <span class='ocrx_word' id='word_1_66' title='bbox 478 1399 674 1482; x_wconf 79' lang='lat' dir='ltr'>aliquantum</span> <span class='ocrx_word' id='word_1_67' title='bbox 702 1399 829 1481; x_wconf 86' lang='lat' dir='ltr'>priseae</span> <span class='ocrx_word' id='word_1_68' title='bbox 860 1397 978 1461; x_wconf 86' lang='lat' dir='ltr'>indolis</span> <span class='ocrx_word' id='word_1_69' title='bbox 1008 1411 1061 1461; x_wconf 90' lang='lat' dir='ltr'>aut</span> <span class='ocrx_word' id='word_1_70' title='bbox 1084 1399 1213 1462; x_wconf 83' lang='lat' dir='ltr'>retinuit</span> 
     </span>
     <span class='ocr_line' id='line_1_11' title="bbox 170 1497 1213 1586; baseline -0.004 -19"><span class='ocrx_word' id='word_1_71' title='bbox 170 1513 225 1567; x_wconf 89' lang='lat' dir='ltr'>aut</span> <span class='ocrx_word' id='word_1_72' title='bbox 248 1508 359 1586; x_wconf 82' lang='lat' dir='ltr'>postea</span> <span class='ocrx_word' id='word_1_73' title='bbox 382 1502 593 1584; x_wconf 85' lang='lat' dir='ltr'>recuperavit.</span> <span class='ocrx_word' id='word_1_74' title='bbox 639 1497 712 1562; x_wconf 88' lang='lat' dir='ltr'>Hoc</span> <span class='ocrx_word' id='word_1_75' title='bbox 740 1500 816 1563; x_wconf 88' lang='lat' dir='ltr'>inde</span> <span class='ocrx_word' id='word_1_76' title='bbox 839 1511 988 1584; x_wconf 88' lang='lat' dir='ltr'>apparet,</span> <span class='ocrx_word' id='word_1_77' title='bbox 1017 1501 1102 1584; x_wconf 86' lang='lat' dir='ltr'>quod</span> <span class='ocrx_word' id='word_1_78' title='bbox 1131 1502 1213 1565; x_wconf 88' lang='lat' dir='ltr'>inter</span> 
     </span>
     <span class='ocr_line' id='line_1_12' title="bbox 170 1594 1212 1693; baseline -0.006 -21"><span class='ocrx_word' id='word_1_79' title='bbox 170 1594 568 1693; x_wconf 77' lang='lat' dir='ltr'>dithyrambograpborum</span> <span class='ocrx_word' id='word_1_80' title='bbox 591 1604 732 1666; x_wconf 87' lang='lat' dir='ltr'>carmina</span> <span class='ocrx_word' id='word_1_81' title='bbox 754 1622 773 1664; x_wconf 88' lang='lat' dir='ltr'>a</span> <span class='ocrx_word' id='word_1_82' title='bbox 796 1601 898 1671; x_wconf 84' lang='lat' dir='ltr'>Suida</span> <span class='ocrx_word' id='word_1_83' title='bbox 921 1611 963 1681; x_wconf 76' lang='lat' dir='ltr'>ts.</span> <span class='ocrx_word' id='word_1_84' title='bbox 982 1624 1018 1686; x_wconf 82' lang='lat' dir='ltr'>r.¹</span> <span class='ocrx_word' id='word_1_85' title='bbox 1035 1600 1212 1683; x_wconf 72' lang='grc' dir='ltr'><strong><em>Μελανιπ.)</em></strong></span> 
     </span>
     <span class='ocr_line' id='line_1_13' title="bbox 171 1700 1212 1791; baseline -0.005 -16"><span class='ocrx_word' id='word_1_86' title='bbox 171 1722 200 1775; x_wconf 90' lang='lat' dir='ltr'>et</span> <span class='ocrx_word' id='word_1_87' title='bbox 223 1731 243 1774; x_wconf 87' lang='lat' dir='ltr'>a</span> <span class='ocrx_word' id='word_1_88' title='bbox 265 1700 450 1774; x_wconf 83' lang='lat' dir='ltr'>scholiastis</span> <span class='ocrx_word' id='word_1_89' title='bbox 472 1709 567 1771; x_wconf 90' lang='lat' dir='ltr'>etiam</span> <span class='ocrx_word' id='word_1_90' title='bbox 589 1704 776 1789; x_wconf 78' lang='lat' dir='ltr'>tragoediae</span> <span class='ocrx_word' id='word_1_91' title='bbox 793 1718 1027 1788; x_wconf 76' lang='lat' dir='ltr'>memorantur,</span> <span class='ocrx_word' id='word_1_92' title='bbox 1050 1719 1155 1791; x_wconf 87' lang='lat' dir='ltr'>atque,</span> <span class='ocrx_word' id='word_1_93' title='bbox 1178 1719 1212 1771; x_wconf 91' lang='lat' dir='ltr'>ut</span> 
     </span>
    </p>
   </div>
   <div class='ocr_carea' id='block_1_3' title="bbox 80 1810 1212 1897">
    <p class='ocr_par' dir='ltr' id='par_1_3' title="bbox 80 1810 1212 1897">
     <span class='ocr_line' id='line_1_14' title="bbox 80 1810 1212 1897; baseline -0.002 -21"><span class='ocrx_word' id='word_1_94' title='bbox 80 1892 84 1897; x_wconf 23' lang='lat'>¹</span> <span class='ocrx_word' id='word_1_95' title='bbox 172 1814 257 1877; x_wconf 88' lang='lat' dir='ltr'>alios</span> <span class='ocrx_word' id='word_1_96' title='bbox 278 1814 417 1895; x_wconf 86' lang='lat' dir='ltr'>mittam,</span> <span class='ocrx_word' id='word_1_97' title='bbox 440 1810 639 1879; x_wconf 87' lang='lat' dir='ltr'>Philoxenus</span> <span class='ocrx_word' id='word_1_98' title='bbox 663 1821 772 1873; x_wconf 84' lang='lat' dir='ltr'>noster</span> <span class='ocrx_word' id='word_1_99' title='bbox 794 1831 814 1874; x_wconf 89' lang='lat' dir='ltr'>a</span> <span class='ocrx_word' id='word_1_100' title='bbox 835 1812 936 1875; x_wconf 89' lang='lat' dir='ltr'>schol.</span> <span class='ocrx_word' id='word_1_101' title='bbox 959 1813 999 1875; x_wconf 90' lang='lat' dir='ltr'>ad</span> <span class='ocrx_word' id='word_1_102' title='bbox 1018 1812 1116 1876; x_wconf 88' lang='lat' dir='ltr'>Arist.</span> <span class='ocrx_word' id='word_1_103' title='bbox 1128 1811 1212 1875; x_wconf 87' lang='lat' dir='ltr'>Plut.</span> 
     </span>
    </p>
   </div>
   <div class='ocr_carea' id='block_1_4' title="bbox 171 1905 1212 2107">
    <p class='ocr_par' dir='ltr' id='par_1_4' title="bbox 171 1905 1212 2107">
     <span class='ocr_line' id='line_1_15' title="bbox 171 1905 1211 2004; baseline -0.006 -20"><span class='ocrx_word' id='word_1_104' title='bbox 171 1919 235 1984; x_wconf 75' lang='lat' dir='ltr'>aab</span> <span class='ocrx_word' id='word_1_105' title='bbox 249 1909 399 2004; x_wconf 69' lang='grc' dir='ltr'>τραγικός</span> <span class='ocrx_word' id='word_1_106' title='bbox 413 1927 444 1979; x_wconf 85' lang='lat' dir='ltr'>et</span> <span class='ocrx_word' id='word_1_107' title='bbox 456 1905 816 2003; x_wconf 68' lang='lat' dir='ltr'>rpcypdodrulciunulpc,</span> <span class='ocrx_word' id='word_1_108' title='bbox 842 1916 942 1998; x_wconf 89' lang='lat' dir='ltr'>ipsius</span> <span class='ocrx_word' id='word_1_109' title='bbox 959 1927 1065 1979; x_wconf 85' lang='lat' dir='ltr'>autem</span> <span class='ocrx_word' id='word_1_110' title='bbox 1082 1935 1211 1980; x_wconf 87' lang='lat' dir='ltr'>carmen</span> 
     </span>
     <span class='ocr_line' id='line_1_16' title="bbox 174 2018 1212 2107; baseline 0 -23"><span class='ocrx_word' id='word_1_111' title='bbox 174 2040 192 2084; x_wconf 89' lang='lat' dir='ltr'>a</span> <span class='ocrx_word' id='word_1_112' title='bbox 221 2019 367 2084; x_wconf 85' lang='lat' dir='ltr'>Zenobio</span> <span class='ocrx_word' id='word_1_113' title='bbox 391 2018 431 2102; x_wconf 92' lang='lat' dir='ltr'>V,</span> <span class='ocrx_word' id='word_1_114' title='bbox 460 2021 503 2084; x_wconf 81' lang='lat'>45</span> <span class='ocrx_word' id='word_1_115' title='bbox 533 2019 643 2107; x_wconf 76' lang='grc' dir='ltr'><em>δρᾶμα</em></span> <span class='ocrx_word' id='word_1_116' title='bbox 672 2019 851 2102; x_wconf 86' lang='lat' dir='ltr'>appellatur</span> <span class='ocrx_word' id='word_1_117' title='bbox 864 2023 915 2093; x_wconf 71' lang='lat'>⁷⁸).</span> <span class='ocrx_word' id='word_1_118' title='bbox 960 2020 995 2084; x_wconf 90' lang='lat' dir='ltr'>lu</span> <span class='ocrx_word' id='word_1_119' title='bbox 1028 2041 1092 2105; x_wconf 81' lang='lat' dir='ltr'>qua</span> <span class='ocrx_word' id='word_1_120' title='bbox 1127 2042 1162 2084; x_wconf 91' lang='lat' dir='ltr'>re</span> <span class='ocrx_word' id='word_1_121' title='bbox 1193 2039 1212 2084; x_wconf 89' lang='lat' dir='ltr'>a</span> 
     </span>
    </p>
   </div>
   <div class='ocr_carea' id='block_1_5' title="bbox 176 2124 1309 2208">
    <p class='ocr_par' dir='ltr' id='par_1_5' title="bbox 176 2124 1309 2208">
     <span class='ocr_line' id='line_1_17' title="bbox 176 2124 1309 2208; baseline -0.003 -20"><span class='ocrx_word' id='word_1_122' title='bbox 176 2126 302 2207; x_wconf 88' lang='lat' dir='ltr'>duplice</span> <span class='ocrx_word' id='word_1_123' title='bbox 325 2126 503 2190; x_wconf 88' lang='lat' dir='ltr'>cavendum</span> <span class='ocrx_word' id='word_1_124' title='bbox 525 2136 574 2189; x_wconf 85' lang='lat' dir='ltr'>est</span> <span class='ocrx_word' id='word_1_125' title='bbox 595 2142 719 2205; x_wconf 76' lang='lat' dir='ltr'>errore,</span> <span class='ocrx_word' id='word_1_126' title='bbox 748 2142 789 2186; x_wconf 87' lang='lat' dir='ltr'>ne</span> <span class='ocrx_word' id='word_1_127' title='bbox 813 2137 867 2187; x_wconf 89' lang='lat' dir='ltr'>ant</span> <span class='ocrx_word' id='word_1_128' title='bbox 890 2127 1019 2189; x_wconf 90' lang='lat' dir='ltr'>omnino</span> <span class='ocrx_word' id='word_1_129' title='bbox 1042 2124 1213 2208; x_wconf 82' lang='lat' dir='ltr'>abjiciatur</span> <span class='ocrx_word' id='word_1_130' title='bbox 1306 2188 1309 2199; x_wconf 71' lang='grc'><em>,</em></span> 
     </span>
    </p>
   </div>
   <div class='ocr_carea' id='block_1_6' title="bbox 95 2227 1214 4067">
    <p class='ocr_par' dir='ltr' id='par_1_6' title="bbox 95 2227 1214 3037">
     <span class='ocr_line' id='line_1_18' title="bbox 177 2227 1212 2313; baseline 0.004 -25"><span class='ocrx_word' id='word_1_131' title='bbox 177 2227 301 2292; x_wconf 89' lang='lat' dir='ltr'>illorum</span> <span class='ocrx_word' id='word_1_132' title='bbox 324 2231 512 2311; x_wconf 88' lang='lat' dir='ltr'>auctoritas,</span> <span class='ocrx_word' id='word_1_133' title='bbox 536 2238 590 2293; x_wconf 91' lang='lat' dir='ltr'>aut</span> <span class='ocrx_word' id='word_1_134' title='bbox 605 2230 736 2292; x_wconf 90' lang='lat' dir='ltr'>nimium</span> <span class='ocrx_word' id='word_1_135' title='bbox 760 2230 788 2290; x_wconf 86' lang='lat' dir='ltr'>ei</span> <span class='ocrx_word' id='word_1_136' title='bbox 805 2229 970 2293; x_wconf 76' lang='lat' dir='ltr'>tribuatur.</span> <span class='ocrx_word' id='word_1_137' title='bbox 1004 2230 1085 2294; x_wconf 87' lang='lat' dir='ltr'>Nam</span> <span class='ocrx_word' id='word_1_138' title='bbox 1102 2248 1212 2313; x_wconf 85' lang='lat' dir='ltr'>quam·</span> 
     </span>
     <span class='ocr_line' id='line_1_19' title="bbox 176 2332 1213 2416; baseline -0.002 -20"><span class='ocrx_word' id='word_1_139' title='bbox 176 2333 227 2396; x_wconf 86' lang='lat' dir='ltr'>vis</span> <span class='ocrx_word' id='word_1_140' title='bbox 250 2332 332 2397; x_wconf 91' lang='lat' dir='ltr'>mala</span> <span class='ocrx_word' id='word_1_141' title='bbox 353 2337 396 2399; x_wconf 90' lang='lat' dir='ltr'>sit</span> <span class='ocrx_word' id='word_1_142' title='bbox 413 2334 552 2407; x_wconf 65' lang='lat' dir='ltr'>,illorum</span> <span class='ocrx_word' id='word_1_143' title='bbox 573 2333 670 2416; x_wconf 86' lang='lat' dir='ltr'>fides,</span> <span class='ocrx_word' id='word_1_144' title='bbox 701 2345 805 2396; x_wconf 88' lang='lat' dir='ltr'>tamen</span> <span class='ocrx_word' id='word_1_145' title='bbox 837 2343 957 2396; x_wconf 90' lang='lat' dir='ltr'>tantum</span> <span class='ocrx_word' id='word_1_146' title='bbox 986 2333 1136 2397; x_wconf 82' lang='lat' dir='ltr'>inscitiae</span> <span class='ocrx_word' id='word_1_147' title='bbox 1158 2333 1213 2395; x_wconf 87' lang='lat' dir='ltr'>tri·</span> 
     </span>
     <span class='ocr_line' id='line_1_20' title="bbox 174 2433 1212 2519; baseline 0.002 -23"><span class='ocrx_word' id='word_1_148' title='bbox 174 2433 272 2499; x_wconf 89' lang='lat' dir='ltr'>buere</span> <span class='ocrx_word' id='word_1_149' title='bbox 294 2437 334 2501; x_wconf 89' lang='lat' dir='ltr'>iis</span> <span class='ocrx_word' id='word_1_150' title='bbox 357 2454 422 2500; x_wconf 90' lang='lat' dir='ltr'>non</span> <span class='ocrx_word' id='word_1_151' title='bbox 443 2455 635 2519; x_wconf 91' lang='lat' dir='ltr'>possumus,</span> <span class='ocrx_word' id='word_1_152' title='bbox 665 2448 698 2500; x_wconf 94' lang='lat' dir='ltr'>ut</span> <span class='ocrx_word' id='word_1_153' title='bbox 722 2436 802 2506; x_wconf 83' lang='lat' dir='ltr'>solis</span> <span class='ocrx_word' id='word_1_154' title='bbox 825 2435 924 2501; x_wconf 89' lang='lat' dir='ltr'>titulis</span> <span class='ocrx_word' id='word_1_155' title='bbox 945 2436 1060 2500; x_wconf 86' lang='lat' dir='ltr'>ductos</span> <span class='ocrx_word' id='word_1_156' title='bbox 1082 2435 1212 2498; x_wconf 90' lang='lat' dir='ltr'>omnino</span> 
     </span>
     <span class='ocr_line' id='line_1_21' title="bbox 95 2521 1212 2625; baseline 0 -25"><span class='ocrx_word' id='word_1_157' title='bbox 95 2521 109 2542; x_wconf 77' lang='lat'><strong><em>‘</em></strong></span> <span class='ocrx_word' id='word_1_158' title='bbox 174 2557 192 2600; x_wconf 88' lang='lat' dir='ltr'>a</span> <span class='ocrx_word' id='word_1_159' title='bbox 215 2556 294 2600; x_wconf 89' lang='lat' dir='ltr'>vero</span> <span class='ocrx_word' id='word_1_160' title='bbox 317 2538 512 2603; x_wconf 78' lang='lat' dir='ltr'>discessisse</span> <span class='ocrx_word' id='word_1_161' title='bbox 534 2558 591 2603; x_wconf 90' lang='lat' dir='ltr'>eos</span> <span class='ocrx_word' id='word_1_162' title='bbox 614 2549 802 2606; x_wconf 85' lang='lat' dir='ltr'>statuamus.</span> <span class='ocrx_word' id='word_1_163' title='bbox 837 2541 946 2625; x_wconf 84' lang='lat' dir='ltr'>ltaque</span> <span class='ocrx_word' id='word_1_164' title='bbox 969 2557 1073 2624; x_wconf 80' lang='lat' dir='ltr'>neque</span> <span class='ocrx_word' id='word_1_165' title='bbox 1095 2536 1212 2621; x_wconf 83' lang='lat' dir='ltr'>Empe·</span> 
     </span>
     <span class='ocr_line' id='line_1_22' title="bbox 174 2641 1214 2729; baseline 0.001 -25"><span class='ocrx_word' id='word_1_166' title='bbox 174 2645 222 2707; x_wconf 91' lang='lat' dir='ltr'>rio</span> <span class='ocrx_word' id='word_1_167' title='bbox 235 2645 277 2721; x_wconf 79' lang='lat'>⁷⁰)</span> <span class='ocrx_word' id='word_1_168' title='bbox 299 2646 500 2726; x_wconf 86' lang='lat' dir='ltr'>assentimur,</span> <span class='ocrx_word' id='word_1_169' title='bbox 522 2663 583 2708; x_wconf 86' lang='lat' dir='ltr'>nec</span> <span class='ocrx_word' id='word_1_170' title='bbox 600 2654 722 2708; x_wconf 89' lang='lat' dir='ltr'>tantum</span> <span class='ocrx_word' id='word_1_171' title='bbox 738 2664 779 2708; x_wconf 85' lang='lat' dir='ltr'>rx</span> <span class='ocrx_word' id='word_1_172' title='bbox 795 2643 976 2707; x_wconf 90' lang='lat' dir='ltr'>nominihus</span> <span class='ocrx_word' id='word_1_173' title='bbox 992 2642 1058 2707; x_wconf 91' lang='lat' dir='ltr'>illis</span> <span class='ocrx_word' id='word_1_174' title='bbox 1080 2641 1214 2729; x_wconf 80' lang='grc' dir='ltr'>(δρᾶμα,</span> 
     </span>
     <span class='ocr_line' id='line_1_23' title="bbox 172 2743 1213 2833; baseline -0.004 -23"><span class='ocrx_word' id='word_1_175' title='bbox 172 2743 334 2833; x_wconf 71' lang='grc' dir='ltr'><strong><em>τραγικὸς.)</em></strong></span> <span class='ocrx_word' id='word_1_176' title='bbox 364 2746 564 2830; x_wconf 82' lang='lat' dir='ltr'>colligimus,</span> <span class='ocrx_word' id='word_1_177' title='bbox 597 2758 633 2810; x_wconf 90' lang='lat' dir='ltr'>ut</span> <span class='ocrx_word' id='word_1_178' title='bbox 661 2748 702 2810; x_wconf 85' lang='lat' dir='ltr'>dr</span> <span class='ocrx_word' id='word_1_179' title='bbox 733 2767 811 2809; x_wconf 90' lang='lat' dir='ltr'>vero</span> <span class='ocrx_word' id='word_1_180' title='bbox 840 2758 872 2810; x_wconf 82' lang='lat' dir='ltr'>et</span> <span class='ocrx_word' id='word_1_181' title='bbox 901 2747 1042 2828; x_wconf 84' lang='lat' dir='ltr'>genuino</span> <span class='ocrx_word' id='word_1_182' title='bbox 1071 2745 1213 2808; x_wconf 83' lang='lat' dir='ltr'>dramate</span> 
     </span>
     <span class='ocr_line' id='line_1_24' title="bbox 173 2847 1213 2934; baseline -0.003 -22"><span class='ocrx_word' id='word_1_183' title='bbox 173 2850 378 2933; x_wconf 84' lang='lat' dir='ltr'>cogitandum</span> <span class='ocrx_word' id='word_1_184' title='bbox 391 2860 551 2931; x_wconf 89' lang='lat' dir='ltr'>putemus,</span> <span class='ocrx_word' id='word_1_185' title='bbox 574 2850 606 2912; x_wconf 91' lang='lat' dir='ltr'>id</span> <span class='ocrx_word' id='word_1_186' title='bbox 621 2851 708 2934; x_wconf 91' lang='lat' dir='ltr'>quod</span> <span class='ocrx_word' id='word_1_187' title='bbox 722 2869 834 2913; x_wconf 88' lang='lat' dir='ltr'>eorum</span> <span class='ocrx_word' id='word_1_188' title='bbox 845 2868 946 2912; x_wconf 65' lang='lat' dir='ltr'>[rausa</span> <span class='ocrx_word' id='word_1_189' title='bbox 957 2854 1134 2927; x_wconf 83' lang='lat' dir='ltr'>monemus,</span> <span class='ocrx_word' id='word_1_190' title='bbox 1157 2847 1213 2930; x_wconf 88' lang='lat' dir='ltr'>qui</span> 
     </span>
     <span class='ocr_line' id='line_1_25' title="bbox 173 2950 1213 3037; baseline -0.002 -23"><span class='ocrx_word' id='word_1_191' title='bbox 173 2952 343 3017; x_wconf 84' lang='lat' dir='ltr'>Philoxeni</span> <span class='ocrx_word' id='word_1_192' title='bbox 356 2951 533 3037; x_wconf 83' lang='lat' dir='ltr'>Cyclopem</span> <span class='ocrx_word' id='word_1_193' title='bbox 547 2951 655 3016; x_wconf 86' lang='lat' dir='ltr'>drama</span> <span class='ocrx_word' id='word_1_194' title='bbox 669 2955 844 3037; x_wconf 86' lang='lat' dir='ltr'>satyricum</span> <span class='ocrx_word' id='word_1_195' title='bbox 858 2953 961 3015; x_wconf 81' lang='lat' dir='ltr'>luisse</span> <span class='ocrx_word' id='word_1_196' title='bbox 975 2960 1153 3014; x_wconf 84' lang='lat' dir='ltr'>statuerunt</span> <span class='ocrx_word' id='word_1_197' title='bbox 1163 2950 1213 3025; x_wconf 79' lang='lat'><strong>⁸⁰).</strong></span> 
     </span>
    </p>

    <p class='ocr_par' dir='ltr' id='par_1_7' title="bbox 166 3054 1214 4067">
     <span class='ocr_line' id='line_1_26' title="bbox 259 3054 1212 3141; baseline -0.005 -22"><span class='ocrx_word' id='word_1_198' title='bbox 259 3056 341 3120; x_wconf 91' lang='lat' dir='ltr'>Nam</span> <span class='ocrx_word' id='word_1_199' title='bbox 365 3058 536 3141; x_wconf 85' lang='lat' dir='ltr'>quominus</span> <span class='ocrx_word' id='word_1_200' title='bbox 566 3057 599 3119; x_wconf 92' lang='lat' dir='ltr'>in</span> <span class='ocrx_word' id='word_1_201' title='bbox 623 3062 698 3117; x_wconf 79' lang='lat' dir='ltr'>vcra</span> <span class='ocrx_word' id='word_1_202' title='bbox 722 3055 863 3118; x_wconf 87' lang='lat' dir='ltr'>dramata</span> <span class='ocrx_word' id='word_1_203' title='bbox 892 3054 1071 3118; x_wconf 88' lang='lat' dir='ltr'>incidamus</span> <span class='ocrx_word' id='word_1_204' title='bbox 1094 3064 1212 3136; x_wconf 83' lang='lat' dir='ltr'>tangu-</span> 
     </span>
     <span class='ocr_line' id='line_1_27' title="bbox 166 3153 1214 3241; baseline -0.002 -18"><span class='ocrx_word' id='word_1_205' title='bbox 166 3162 272 3223; x_wconf 76' lang='lat' dir='ltr'>&#39;stiore</span> <span class='ocrx_word' id='word_1_206' title='bbox 289 3162 380 3224; x_wconf 89' lang='lat' dir='ltr'>vocis</span> <span class='ocrx_word' id='word_1_207' title='bbox 396 3161 525 3224; x_wconf 89' lang='lat' dir='ltr'>notione</span> <span class='ocrx_word' id='word_1_208' title='bbox 540 3158 656 3237; x_wconf 88' lang='lat' dir='ltr'>dicta),</span> <span class='ocrx_word' id='word_1_209' title='bbox 680 3157 787 3241; x_wconf 90' lang='lat' dir='ltr'>qualia</span> <span class='ocrx_word' id='word_1_210' title='bbox 802 3156 1004 3241; x_wconf 79' lang='lat' dir='ltr'>Aeschyleo,</span> <span class='ocrx_word' id='word_1_211' title='bbox 1028 3153 1214 3238; x_wconf 82' lang='lat' dir='ltr'>Sophoclea</span> 
     </span>
     <span class='ocr_line' id='line_1_28' title="bbox 173 3257 1212 3347; baseline -0.003 -20"><span class='ocrx_word' id='word_1_212' title='bbox 173 3274 263 3327; x_wconf 85' lang='lat' dir='ltr'>aetas</span> <span class='ocrx_word' id='word_1_213' title='bbox 286 3264 415 3347; x_wconf 85' lang='lat' dir='ltr'>genuit,</span> <span class='ocrx_word' id='word_1_214' title='bbox 438 3257 598 3326; x_wconf 76' lang='lat' dir='ltr'>Aelianus</span> <span class='ocrx_word' id='word_1_215' title='bbox 620 3263 766 3345; x_wconf 86' lang='lat' dir='ltr'>prohibet</span> <span class='ocrx_word' id='word_1_216' title='bbox 781 3273 812 3325; x_wconf 87' lang='lat' dir='ltr'>et</span> <span class='ocrx_word' id='word_1_217' title='bbox 824 3261 1011 3327; x_wconf 85' lang='lat' dir='ltr'>Aristotelis</span> <span class='ocrx_word' id='word_1_218' title='bbox 1027 3264 1212 3343; x_wconf 86' lang='lat' dir='ltr'>auctoritas,</span> 
     </span>
     <span class='ocr_line' id='line_1_29' title="bbox 174 3362 1213 3450; baseline -0.001 -21"><span class='ocrx_word' id='word_1_219' title='bbox 174 3385 309 3450; x_wconf 83' lang='lat' dir='ltr'>quorum</span> <span class='ocrx_word' id='word_1_220' title='bbox 332 3365 386 3428; x_wconf 92' lang='lat' dir='ltr'>ille</span> <span class='ocrx_word' id='word_1_221' title='bbox 408 3364 582 3449; x_wconf 80' lang='lat' dir='ltr'>Cyclopem</span> <span class='ocrx_word' id='word_1_222' title='bbox 605 3362 703 3446; x_wconf 79' lang='grc' dir='ltr'><strong><em>μέλος</em></strong></span> <span class='ocrx_word' id='word_1_223' title='bbox 728 3366 805 3429; x_wconf 82' lang='lat' dir='ltr'>dicit</span> <span class='ocrx_word' id='word_1_224' title='bbox 819 3426 820 3429; x_wconf 73' lang='grc'>,</span> <span class='ocrx_word' id='word_1_225' title='bbox 835 3367 924 3447; x_wconf 80' lang='lat' dir='ltr'>(Var.</span> <span class='ocrx_word' id='word_1_226' title='bbox 948 3364 1030 3428; x_wconf 86' lang='lat' dir='ltr'>Hist.</span> <span class='ocrx_word' id='word_1_227' title='bbox 1051 3365 1122 3445; x_wconf 92' lang='lat' dir='ltr'>Xll,</span> <span class='ocrx_word' id='word_1_228' title='bbox 1144 3366 1213 3444; x_wconf 71' lang='grc'>44),</span> 
     </span>
     <span class='ocr_line' id='line_1_30' title="bbox 174 3466 1214 3552; baseline -0.001 -21"><span class='ocrx_word' id='word_1_229' title='bbox 174 3469 227 3532; x_wconf 88' lang='lat' dir='ltr'>hic</span> <span class='ocrx_word' id='word_1_230' title='bbox 256 3470 339 3531; x_wconf 86' lang='lat' dir='ltr'>iuter</span> <span class='ocrx_word' id='word_1_231' title='bbox 365 3468 586 3552; x_wconf 84' lang='lat' dir='ltr'>dithyrambos</span> <span class='ocrx_word' id='word_1_232' title='bbox 615 3470 711 3532; x_wconf 84' lang='lat' dir='ltr'>reiert</span> <span class='ocrx_word' id='word_1_233' title='bbox 740 3468 876 3545; x_wconf 64' lang='lat' dir='ltr'>(Poetic.</span> <span class='ocrx_word' id='word_1_234' title='bbox 898 3467 929 3550; x_wconf 93' lang='lat' dir='ltr'>I,</span> <span class='ocrx_word' id='word_1_235' title='bbox 958 3473 1002 3543; x_wconf 75' lang='lat'>2).</span> <span class='ocrx_word' id='word_1_236' title='bbox 1051 3466 1214 3532; x_wconf 88' lang='lat' dir='ltr'>Dramatis</span> 
     </span>
     <span class='ocr_line' id='line_1_31' title="bbox 174 3570 1213 3653; baseline 0.005 -21"><span class='ocrx_word' id='word_1_237' title='bbox 174 3581 279 3634; x_wconf 83' lang='lat' dir='ltr'>autent</span> <span class='ocrx_word' id='word_1_238' title='bbox 302 3589 419 3634; x_wconf 90' lang='lat' dir='ltr'>nomen</span> <span class='ocrx_word' id='word_1_239' title='bbox 443 3570 595 3633; x_wconf 88' lang='lat' dir='ltr'>latissime</span> <span class='ocrx_word' id='word_1_240' title='bbox 626 3581 727 3653; x_wconf 88' lang='lat' dir='ltr'>patet,</span> <span class='ocrx_word' id='word_1_241' title='bbox 758 3583 789 3636; x_wconf 91' lang='lat' dir='ltr'>et</span> <span class='ocrx_word' id='word_1_242' title='bbox 819 3591 859 3633; x_wconf 89' lang='lat' dir='ltr'>ne</span> <span class='ocrx_word' id='word_1_243' title='bbox 888 3571 1054 3653; x_wconf 84' lang='lat' dir='ltr'>tragoedia</span> <span class='ocrx_word' id='word_1_244' title='bbox 1083 3570 1213 3653; x_wconf 85' lang='lat' dir='ltr'>quidem</span> 
     </span>
     <span class='ocr_line' id='line_1_32' title="bbox 173 3672 1213 3756; baseline -0.001 -21"><span class='ocrx_word' id='word_1_245' title='bbox 173 3673 288 3736; x_wconf 88' lang='lat' dir='ltr'>iisdem</span> <span class='ocrx_word' id='word_1_246' title='bbox 322 3691 450 3756; x_wconf 83' lang='lat' dir='ltr'>semper</span> <span class='ocrx_word' id='word_1_247' title='bbox 482 3672 599 3736; x_wconf 88' lang='lat' dir='ltr'>tinibus</span> <span class='ocrx_word' id='word_1_248' title='bbox 634 3673 871 3753; x_wconf 87' lang='lat' dir='ltr'>continebatur,</span> <span class='ocrx_word' id='word_1_249' title='bbox 904 3672 961 3735; x_wconf 77' lang='lat' dir='ltr'>serl</span> <span class='ocrx_word' id='word_1_250' title='bbox 991 3673 1087 3735; x_wconf 87' lang='lat' dir='ltr'>modo</span> <span class='ocrx_word' id='word_1_251' title='bbox 1117 3672 1213 3734; x_wconf 82' lang='lat' dir='ltr'>latius</span> 
     </span>
     <span class='ocr_line' id='line_1_33' title="bbox 174 3775 1214 3859; baseline 0.003 -22"><span class='ocrx_word' id='word_1_252' title='bbox 174 3775 319 3857; x_wconf 90' lang='lat' dir='ltr'>patebat,</span> <span class='ocrx_word' id='word_1_253' title='bbox 354 3775 448 3840; x_wconf 86' lang='lat' dir='ltr'>modo</span> <span class='ocrx_word' id='word_1_254' title='bbox 478 3776 596 3839; x_wconf 78' lang='lat' dir='ltr'>auctius</span> <span class='ocrx_word' id='word_1_255' title='bbox 626 3776 966 3856; x_wconf 84' lang='lat' dir='ltr'>circumscribebatur3</span> <span class='ocrx_word' id='word_1_256' title='bbox 1000 3775 1118 3859; x_wconf 88' lang='lat' dir='ltr'>illaque</span> <span class='ocrx_word' id='word_1_257' title='bbox 1149 3788 1214 3841; x_wconf 86' lang='lat' dir='ltr'>tra·</span> 
     </span>
     <span class='ocr_line' id='line_1_34' title="bbox 173 3876 1211 3963; baseline 0.005 -25"><span class='ocrx_word' id='word_1_258' title='bbox 173 3876 293 3960; x_wconf 74' lang='lat' dir='ltr'>goedia</span> <span class='ocrx_word' id='word_1_259' title='bbox 315 3876 428 3940; x_wconf 87' lang='lat' dir='ltr'>latiore</span> <span class='ocrx_word' id='word_1_260' title='bbox 451 3878 575 3941; x_wconf 87' lang='lat' dir='ltr'>ratione</span> <span class='ocrx_word' id='word_1_261' title='bbox 598 3877 681 3942; x_wconf 89' lang='lat' dir='ltr'>dicta</span> <span class='ocrx_word' id='word_1_262' title='bbox 698 3879 793 3941; x_wconf 89' lang='lat' dir='ltr'>etiam</span> <span class='ocrx_word' id='word_1_263' title='bbox 807 3877 1043 3963; x_wconf 85' lang='lat' dir='ltr'>dithyrambos,</span> <span class='ocrx_word' id='word_1_264' title='bbox 1067 3889 1100 3942; x_wconf 85' lang='lat' dir='ltr'>ut</span> <span class='ocrx_word' id='word_1_265' title='bbox 1114 3899 1211 3962; x_wconf 88' lang='lat' dir='ltr'>pecu-</span> 
     </span>
     <span class='ocr_line' id='line_1_35' title="bbox 173 3980 1212 4067; baseline 0.003 -24"><span class='ocrx_word' id='word_1_266' title='bbox 173 3980 262 4044; x_wconf 89' lang='lat' dir='ltr'>liaris</span> <span class='ocrx_word' id='word_1_267' title='bbox 284 3982 413 4066; x_wconf 83' lang='lat' dir='ltr'>generis</span> <span class='ocrx_word' id='word_1_268' title='bbox 436 3981 554 4067; x_wconf 81' lang='lat' dir='ltr'>forma,</span> <span class='ocrx_word' id='word_1_269' title='bbox 578 3980 908 4063; x_wconf 86' lang='lat' dir='ltr'>comprehendebatur</span> <span class='ocrx_word' id='word_1_270' title='bbox 921 3983 973 4057; x_wconf 83' lang='lat'><strong>⁸¹).</strong></span> <span class='ocrx_word' id='word_1_271' title='bbox 1008 3980 1098 4062; x_wconf 86' lang='lat' dir='ltr'>Quae</span> <span class='ocrx_word' id='word_1_272' title='bbox 1114 4000 1212 4065; x_wconf 85' lang='lat' dir='ltr'>quum</span> 
     </span>
    </p>
   </div>
   <div class='ocr_carea' id='block_1_7' title="bbox 0 0 1464 4860">
    <p class='ocr_par' dir='ltr' id='par_1_8' title="bbox 0 0 1464 4860">
     <span class='ocr_line' id='line_1_36' title="bbox 0 0 1464 4860; baseline 0 0"><span class='ocrx_word' id='word_1_273' title='bbox 0 0 1464 4860; x_wconf 95' lang='lat' dir='ltr'> </span> 
     </span>
    </p>
   </div>
  </div>
 </body>
</html>
