2916 4860
1176 428 1220 493 95

183 624 260 670 esse
282 606 458 684 existiman
481 604 540 667 sed
562 590 626 667 con
648 616 759 665 eorum
777 618 869 683 esse,
892 600 935 666 dc
955 602 1098 665 musicae
1119 596 1218 665 virtu·

182 710 269 772 tibus
292 709 458 792 judicare,
492 709 546 791 qui
576 707 660 770 torte
688 714 876 784 occurrant,
910 705 970 768 sed
992 722 1130 786 eorum,
1163 705 1218 787 qui

182 814 301 875 uirtute
333 821 364 874 et
383 810 590 874 immanitate
620 819 746 872 ceteros
775 818 948 890 praestent.
999 809 1091 891 Quod
1120 810 1152 870 in
1180 826 1220 868 eu

183 914 323 977 maxime
342 923 486 996 tempora
509 911 611 993 cadit,
642 911 760 994 quibus
788 910 938 992 publieae
967 930 1022 975 res
1051 921 1220 994 aegrotare

184 1027 371 1099 coeperunt.
425 1013 675 1099 Aegrotautlbus
715 1026 819 1075 antem
853 1015 953 1076 rebus
986 1013 1124 1097 publicis
1156 1012 1219 1075 lino

186 1123 321 1183 maxime
343 1121 433 1204 vulgi
463 1121 625 1202 proprium
646 1129 715 1199 est,
745 1119 787 1180 de
807 1119 941 1180 summis
971 1128 1003 1181 et
1024 1115 1219 1180 difficillimis

184 1223 282 1287 rebus
303 1234 444 1287 statuere
467 1234 497 1288 et
515 1225 688 1286 sententies
705 1222 807 1302 serre,
830 1231 861 1284 et
878 1239 943 1305 qno
957 1223 1061 1285 minus
1072 1221 1220 1284 homines

184 1325 363 1390 medioeres
378 1325 527 1410 judicare
549 1326 589 1387 de
607 1327 733 1419 magnis
751 1336 784 1389 et
801 1324 941 1389 excelsis
958 1325 1057 1388 rebus
1070 1336 1220 1408 possunt,

184 1430 260 1512 quia
280 1429 320 1491 ad
343 1446 434 1492 suam
451 1428 714 1492 'mediocritatem
743 1429 848 1490 omnia
871 1427 1027 1510 referunt,
1057 1445 1097 1491 eo
1120 1428 1219 1491 auda-

184 1532 255 1593 cuis
287 1541 319 1593 et
350 1531 539 1594 insolentius
572 1546 687 1592 manus
714 1530 756 1591 iis
785 1530 921 1595 inferunt
949 1532 1007 1612 et‚'
1031 1548 1115 1613 quae
1142 1548 1219 1593 rere
1290 1582 1294 1587 .

182 1632 315 1716 pulchra
348 1643 441 1714 sunt,
471 1631 622 1706 sordibus
654 1634 724 1695 suis
756 1630 905 1714 polluunt
937 1631 1034 1704 tl'lat.
1062 1633 1103 1696 de
1131 1632 1219 1716 legg.

181 1757 214 1819 p.
235 1738 317 1818 7003
336 1736 402 1799 edt.
418 1734 596 1798 Winkelm.
618 1754 649 1816 p.
672 1736 759 1811 100).
792 1734 961 1797 Philoxeni
981 1746 1085 1799 antem
1103 1745 1219 1817 aetate,

182 1840 374 1923 quaomnia
397 1840 430 1902 iu
452 1840 579 1902 (inlate
600 1854 658 1919 per
679 1834 1072 1922 populum'gerebautur‚
1101 1837 1220 1919 vulgus

185 1946 278 2007 etiam
300 1944 334 2006 in
362 1962 416 2006 res
446 1941 486 2006 ad
515 1942 619 2006 artem
642 1944 837 2024 pertinentes
865 1940 1079 2007 dominatione
1101 1942 1220 2025 potitus

185 2060 298 2130 poetas
320 2057 352 2109 et
373 2047 533 2127 musicos,
560 2056 784 2128 quorum‘crut
808 2044 926 2108 docere
948 2044 1102 2128 populum
1124 2055 1220 2128 atque

187 2150 230 2211 ad
257 2149 456 2212 honestatem
485 2147 607 2229 lingere
635 2145 799 2209 hominum
825 2150 974 2228 animos,
1008 2168 1046 2211 se
1078 2166 1220 2230 suasque

187 2249 335 2314 libidines
366 2250 463 2327 (Plat.
485 2249 581 2332 legg..
594 2267 625 2328 p.
647 2248 728 2322 660)
761 2251 855 2331 sequi
877 2251 984 2332 coegit
1004 2260 1101 2332 etque
1124 2249 1219 2311 etiam

184 2355 315 2437 ingeulo
336 2352 607 2416 eminentissimos
630 2350 671 2410 ita
694 2352 852 2433 corrupit,
882 2361 933 2431 ut,
964 2369 1061 2434 quum
1083 2351 1220 2434 plausus

184 2456 424 2540 clamoresque,
447 2453 561 2538 quales
582 2455 615 2515 in
637 2451 770 2514 theatris
784 2451 851 2514 ieri
867 2452 990 2536 solent,
1012 2455 1103 2516 solos
1116 2455 1219 2535 respi-

183 2570 310 2641 cerent,
332 2559 408 2644 quid
430 2557 597 2640 pulchrum
620 2567 652 2619 et
669 2555 793 2640 justum
815 2558 847 2619 iu
868 2558 993 2623 musica
1014 2569 1120 2640 esset,
1151 2576 1218 2622 om-

185 2669 261 2727 niuo
284 2664 560 2727 obliviscerentur.
591 2658 681 2722 Haec
703 2671 753 2722 est
764 2659 1006 2749 θεατροκρατία
1026 2663 1101 2745 illa,
1124 2680 1220 2746 quam

96 2826 100 2831 .
183 2767 226 2831 ab
247 2770 385 2852 antiquis
407 2768 606 2849 temporibus
628 2767 857 2831 alienissimam
876 2781 1026 2854 tanquam
1048 2770 1219 2851 corruptri-

183 2892 252 2936 cem
275 2875 425 2957 antiquae
447 2883 479 2935 et
500 2891 601 2954 purae
622 2874 766 2934 musicae
787 2883 914 2935 veteres
936 2875 1093 2936 incusant.
1127 2872 1219 2935 Prio-

182 2975 272 3038 ribus
310 2976 394 3037 enim
432 2975 629 3057 temporibus
671 2987 803 3039 auctore
836 2977 1010 3042 Plutarcho
1023 2979 1063 3055 ⁶³)
1102 2976 1219 3041 Graeci

182 3074 359 3167 θεατρικὴν
381 3083 485 3163 illam,
508 3102 603 3166 quam
626 3082 792 3164 dicebant,
815 3085 987 3163 musicam,
1017 3101 1100 3166 quae
1123 3100 1142 3143 a
1165 3100 1219 3144 sa·

183 3184 248 3249 cris
268 3187 366 3250 rebus
382 3186 517 3250 abducta
534 3189 635 3250 solam
654 3188 814 3251 hominum
832 3189 1078 3252 delectationem
1093 3197 1219 3270 specta·
1246 3210 1249 3215 ·

183 3302 248 3373 ret,
271 3282 400 3355 omnino
422 3293 624 3376 ignorarunt3
646 3304 757 3358 contra
776 3303 888 3376 postea
911 3304 1030 3355 tantum
1053 3292 1161 3354 aberat
1186 3301 1220 3353 ut

183 3394 225 3456 ad
245 3393 445 3457 formandam
466 3396 564 3458 vitam
582 3396 761 3479 juventutis
776 3414 949 3479 moresque
962 3395 1131 3480 tingendos
1146 3415 1218 3477 per·

181 3497 311 3578 tineret,
342 3496 376 3558 id
404 3497 490 3580 quod
520 3508 612 3561 autea
642 3499 808 3579 effecerat,
842 3508 876 3560 ut
904 3501 1087 3581 quicunque
1113 3499 1219 3561 studia

181 3618 241 3660 sna
262 3601 298 3660 iu
319 3602 441 3662 musica
464 3609 620 3681 ponerent
642 3600 681 3662 ad
697 3603 859 3663 scenicam
883 3601 968 3663 illam
992 3620 1029 3662 se
1052 3610 1219 3662 converte-

180 3710 251 3763 re'nt
281 3700 379 3780 (Plut.
410 3702 450 3764 de
472 3722 553 3765 mus.
577 3723 605 3765 e.
628 3706 695 3775 27).
740 3703 822 3766 Nam
853 3723 892 3766 ea
920 3703 990 3765 sola
1017 3712 1219 3785 praesentem

181 3802 271 3884 vulgi
300 3803 447 3885 plausum
477 3805 618 3887 terebat,
652 3806 683 3867 ld
714 3806 802 3888 quod
831 3806 1002 3868 maximum
1031 3805 1219 3887 videbatur3

180 3917 347 3991 tantopere
369 3920 474 3972 autem
497 3929 570 3993 ars,
592 3930 687 3993 quam
709 3909 819 3973 divino
837 3907 975 3991 quodam
999 3908 1106 3971 afflatu
1130 3912 1220 3972 nasei

181 4009 306 4094 dicunt,
327 4011 433 4093 plebis
455 4032 551 4098 serva
568 4008 649 4076 iacta
673 4022 741 4094 est,
765 4023 799 4076 ut
813 4011 986 4098 Syracusis
1001 4022 1032 4074 et
1054 4015 1087 4076 in
1104 4033 1219 4097 magna
