2916 4860
1215 455 1257 523 1³

219 651 333 698 nomos
355 631 543 697 ediscebant
554 631 614 714 ²⁹),
637 637 733 712 atque
755 625 942 692 Alexander
962 625 1175 692 Macedonum
1197 646 1256 691 rex
1357 645 1361 649 ·

218 738 294 800 tanti
329 756 401 801 eum
434 736 632 816 aestimavit,
667 746 699 798 ut
729 753 801 799 cum
831 733 988 820 Aeschyli
1018 732 1256 818 Sophoclisquo

219 840 395 923 tragoediis
435 837 603 902 Philoxeni
648 836 868 923 dithyrambos
912 839 991 902 mitti
1030 837 1092 901 sihi
1125 836 1256 921 juberet

219 940 396 1017 (Plutarch.
425 939 466 1003 V.
502 941 678 1005 Alexandr.
707 960 734 1003 c.
764 944 819 1024 8),
849 942 935 1006 unde
967 943 1000 1005 in
1034 961 1094 1005 suo
1113 941 1257 1026 ‘quidem

220 1064 339 1128 genere
374 1046 428 1108 vix
467 1047 610 1109 cessisse
644 1046 792 1129 cuiqnam
826 1044 1011 1131 cytherium
1052 1045 1189 1129 colligas
1203 1045 1257 1119 ⁸⁰).

221 1148 287 1212 Sed
311 1167 375 1211 non
398 1150 517 1213 amicos
537 1149 650 1230 modo,
673 1148 732 1214 sed
747 1148 1062 1212 etiamadrersarios
1086 1147 1257 1212 acerbissi-

220 1270 290 1315 mos
313 1251 440 1333 hahuit,
464 1262 495 1314 et
518 1252 632 1315 comici
655 1251 784 1335 quidem
807 1271 870 1315 non
890 1251 1027 1316 molliter
1048 1271 1121 1316 eum
1141 1254 1256 1336 tetige-

219 1364 309 1436 runt,
342 1355 403 1417 sed
435 1356 593 1419 irrisionis
627 1356 720 1439 quasi
754 1354 876 1419 aculeis
905 1353 1044 1418 hominis
1070 1356 1256 1419 memoriam

219 1457 445 1541 perfoderunt,
474 1476 512 1522 ea
535 1460 605 1541 ipsa
630 1458 765 1521 maxime
788 1459 819 1519 in
844 1477 884 1520 eo
906 1459 1143 1540 vituperantes,
1171 1475 1256 1541 quae

219 1560 319 1644 vulgo
343 1560 383 1623 ab
405 1561 594 1644 aequalibus
617 1578 742 1624 summo
772 1579 844 1623 cnm
866 1561 982 1643 plausu
1005 1560 1257 1643 excipiebantur.

219 1664 254 1727 ln
278 1664 339 1728 hnc
367 1673 453 1727 tanta
478 1663 674 1747 judiciorum
703 1664 890 1727 diversitate
919 1685 957 1730 ac
987 1666 1192 1730 dissensione
1222 1676 1257 1728 ut

222 1765 394 1851 diligenter
419 1777 641 1850 accurateque
674 1787 711 1830 ea
737 1766 969 1849 ponderemus,
1003 1767 1143 1851 quidque
1176 1768 1256 1849 veri,

220 1873 296 1956 quid
311 1873 387 1935 salsi
402 1873 443 1934 iis
457 1871 621 1934 inhaereat
636 1873 865 1957 examinemus,
885 1889 925 1933 eo
936 1871 1039 1954 magis
1054 1870 1256 1953 impellimur,

221 1993 284 2059 quo
308 1976 427 2039 clarius
450 1976 511 2058 ipsi
535 1974 706 2038 Philoxeni
732 1972 908 2036 adversarii
930 1991 984 2054 eo,
1008 1990 1073 2056 qno
1096 1972 1256 2037 hominem

220 2089 473 2163 prosequuntur,
503 2078 610 2143 studio
633 2076 708 2160 quid
737 2075 876 2138 valuerit
896 2074 1042 2159 produnt.
1087 2073 1152 2138 Sed
1175 2092 1256 2159 quo·

222 2183 307 2245 niam
340 2201 549 2266 quaecunque
577 2181 655 2244 frunt
684 2181 769 2244 serie
797 2177 934 2262 quadarn
965 2187 997 2239 et
1019 2179 1257 2241 continuatione

220 2302 327 2348 rerum
360 2284 576 2365 continentur,
611 2292 644 2344 ot
676 2300 760 2365 quae
793 2280 834 2343 ad
861 2279 1058 2363 singularem
1085 2258 1257 2345 Philoxeni

219 2395 318 2449 artem
338 2387 496 2468 pertinent
510 2395 598 2447 recte
613 2382 842 2465 intelligantur,
865 2403 928 2447 non
945 2380 1119 2465 possennus
1137 2403 1202 2451 non
1214 2385 1256 2451 de

218 2492 369 2553 universa
394 2476 646 2574 dithyrambicae
668 2486 778 2568 poesis
800 2485 927 2569 indole,
950 2486 1056 2569 qualis
1079 2486 1133 2550 illa
1152 2497 1256 2553 aetate

219 2592 331 2676 suerit,
354 2611 456 2676 panon
481 2593 670 2676 explanare,
692 2608 777 2672 quae
798 2592 904 2655 minus
925 2592 1115 2674 placet‘nna
1137 2593 1256 2657 oratio·

218 2697 269 2760 nis
294 2697 504 2779 perpetuitate
524 2694 814 2777 comprehendere,
837 2715 932 2780 quam
954 2699 1086 2780 carptim
1109 2697 1256 2782 singulas

218 2819 288 2882 res,
317 2801 372 2863 uhi
396 2818 475 2864 suus
499 2803 616 2885 cuique
639 2799 731 2865 locus
751 2819 826 2864 esse
846 2799 1024 2881 videbitur,
1046 2802 1190 2865 inserere
1203 2801 1255 2881 ³¹).

304 2900 551 2979 Proficisoamur
585 2923 601 2965 o
632 2903 782 2974 versibus
811 2902 876 2966 illis
905 2901 1099 2984 Antiphanis
1129 2904 1255 2985 comici,

219 3004 273 3086 qni
296 3002 508 3070 Philoxenum
538 3008 654 3071 eximia
683 3026 762 3090 prae
790 3008 907 3070 ceteris
929 3007 1033 3089 poetis
1058 3008 1256 3091 musicisque

218 3105 314 3167 laude
337 3111 478 3171 ornaritr

322 3205 417 3276 Πολύ
438 3205 466 3296 γ’
488 3211 554 3279 ἐστὶ
577 3206 706 3281 πάντων
726 3214 792 3279 ταῖν
802 3216 957 3302 1ποιητῶν
977 3207 1138 3305 διάφορος

324 3305 344 3380 o‘
368 3309 549 3397 Φιλόξενος.
589 3315 638 3385 Tol
659 3320 775 3406 πρῶτα
796 3317 855 3401 μὲν
875 3314 937 3407 yolo
959 3311 1111 3401 ὀνόμασιν

296 3409 303 3415 ’
323 3413 436 3485 ἰδίοισι
458 3419 512 3484 καὶ
533 3424 669 3487 καινοῖσι
689 3424 804 3510 χρῆται
828 3424 1005 3503 πανταχοῦ.

325 3514 439 3587 ἔπειτα
459 3517 501 3588 ταὶ
521 3520 603 3610 μέλη
625 3526 818 3607 μεταβολαῖς
839 3525 894 3591 καλ
914 3518 1080 3613 χρώμασιν

325 3615 370 3699 οῖς
392 3615 430 3690 εὖ
450 3622 611 3712 κέκραται
657 3624 740 3703 Θεὸς
762 3626 795 3693 ἐν
816 3620 1037 3716 ἀνθρώποισιν
1057 3618 1095 3715 ἦν

324 3723 444 3804 ἐκεῖνος
466 3722 563 3805 εἰδώς
583 3723 640 3815 τήν
661 3723 797 3816 aitpoeta
817 3722 982 3818 μουσικήν.

331 3825 371 3895 Οἱ
392 3834 445 3923 νῦν
465 3831 502 3897 δὲ
523 3822 742 3918 κισσὸπληκτα
763 3832 817 3898 καλ
838 3836 973 3920 κρηναῖα
994 3830 1053 3898 καλ
1164 3864 1167 3871 ’

326 3925 568 4002 ἀνθεσιπότατα
587 3931 688 4016 μέλεα
708 3932 836 4016 μελέοις
857 3925 990 4015 ὀνόμασι

322 4037 470 4104 ποιοῦσιν
490 4033 702 4119 ἐμπλέκοντες
723 4028 873 4125 ἅλλὰιρια
894 4033 986 4126 μέλη.
