2916 4860
1224 404 1246 468 ὅ

205 578 281 642 tatis
314 588 391 644 crat.
442 575 567 644 Servus
595 579 680 642 enim
709 578 813 643 tactus
842 578 941 653 esth.
994 576 1089 661 Quod
1106 566 1245 662 ,quando

205 683 325 746 iactum
347 684 442 745 sitiet
464 703 482 745 a
505 702 588 767 quo,
612 682 831 745 controversia
853 691 912 744 est.
956 679 1039 744 Nam
1062 680 1149 764 quod
1172 674 1246 743 Sui-

208 785 268 849 das
291 784 349 848 illo
372 796 514 869 tempore
535 785 566 849 id
589 783 751 849 accidisse
773 785 831 864 ait,
861 800 926 867 quo
949 780 1090 868 Cythera
1112 781 1247 846 subactu

203 907 229 951 a
252 886 518 951 Lacedaemoniis
550 896 675 966 essent,
708 885 740 948 id
772 893 891 949 tanturn
919 884 1093 951 abhorrere
1120 905 1138 949 a
1170 903 1247 949 vero

211 991 316 1053 visum
344 1001 412 1072 est,
445 1001 496 1072 ut,
529 1009 625 1074 quum
657 1009 697 1052 nc
726 988 803 1072 tingi
833 991 964 1074 quidem
993 1001 1118 1077 tempus
1148 1010 1247 1074 posse

210 1092 392 1173 uideretur,
418 1110 483 1176 quo
505 1092 580 1154 talia
597 1112 621 1157 a
643 1089 813 1174 Spartanis
835 1095 929 1175 passi
946 1093 992 1158 itti
1016 1105 1142 1176 essent,
1173 1093 1247 1157 Rei·

212 1198 321 1281 nesius
344 1196 672 1260 Lacedaemoniorum
700 1197 822 1259 nomini
852 1196 1071 1261 Athenienses
1100 1197 1250 1261 substitui

205 1301 345 1385 juberet.
379 1300 564 1364 Assentitur
586 1301 614 1361 ri
639 1297 802 1382 Berglein.
825 1319 854 1380 p.
878 1302 908 1363 7.
941 1297 981 1363 Et
1004 1298 1099 1363 habet
1120 1299 1248 1384 quidem

210 1407 291 1470 haec
313 1405 518 1489 conjectura,
546 1422 611 1488 quo
639 1403 854 1469 commendari
877 1401 1031 1469 videatur.
1074 1402 1157 1466 Nam
1185 1404 1249 1485 pri·

210 1529 298 1573 mum
320 1511 503 1593 quicunque
524 1518 643 1592 quanta
665 1510 706 1570 sit
728 1506 815 1589 apud
831 1504 964 1571 Suidam
987 1508 1148 1570 nominum
1171 1523 1249 1568 oon·

209 1614 296 1676 tosio
319 1613 513 1695 meminerit,
535 1610 623 1694 justa
652 1609 858 1673 audaciorem
876 1597 959 1672 *esse
987 1628 1057 1672 eam
1080 1629 1143 1673 non
1160 1606 1249 1692 judi-

211 1715 313 1797 cabit,
341 1726 507 1798 praeterea
537 1716 690 1796 temporis
720 1715 898 1778 rationibus
928 1715 1046 1796 optime
1076 1714 1250 1781 conuenire

212 1821 348 1908 videtur.
393 1817 518 1883 Octavo
541 1821 625 1882 euim
653 1818 729 1883 beili
751 1817 1019 1900 Peloponnesiaci
1043 1836 1126 1881 anno
1150 1815 1249 1879 Athe·

212 1927 344 1995 aienses
382 1923 489 1988 classe
526 1923 694 2005 sexaginta
734 1922 863 1986 navium
896 1932 1006 2006 parata
1039 1919 1131 1985 Nicia
1167 1921 1249 1984 duce

215 2029 352 2115 Cythera
382 2027 538 2108 insulam,
568 2046 646 2091 orae
667 2025 849 2091 Laconicae
878 2021 1170 2110 propugnaculum,
1203 2025 1252 2086 iu·

214 2135 423 2214 vaserunt⁵),
445 2131 572 2195 incolas
594 2139 627 2194 et
647 2130 842 2214 praesidium
854 2128 1084 2212 Spartanorum
1098 2130 1131 2192 iu
1145 2127 1253 2191 insuta

213 2235 407 2301 collocatum
427 2234 553 2319 proelio
575 2242 744 2316 superatos
766 2253 804 2297 se
819 2251 942 2316 suaque
964 2232 1071 2294 omnia
1094 2231 1251 2293 victorum

212 2341 362 2424 potestati
385 2338 581 2401 committere
603 2345 788 2419 coegerunt.
827 2334 910 2416 Quid
933 2335 1031 2417 igitur
1052 2332 1253 2415 credibilius,

212 2461 310 2526 quam
338 2439 557 2505 Athenienses
589 2440 763 2504 deditionis
792 2438 868 2523 jure
900 2455 980 2502 usos
1014 2435 1185 2523 Cytherius
1218 2437 1252 2500 in

214 2547 400 2610 servitutem
422 2545 590 2630 redegisse
613 2553 644 2608 et
666 2543 727 2607 sub
750 2562 871 2609 corona
902 2540 1112 2607 vendidisse?
1156 2541 1252 2622 Quod

212 2651 361 2732 qttamvis
391 2650 461 2712 veri
488 2650 630 2733 speciem
660 2670 739 2734 prae
769 2670 806 2714 se
831 2642 919 2712 ferre
940 2649 1105 2731 videatur,
1140 2665 1252 2711 verum

114 2816 125 2837 ,
214 2771 279 2814 nou
303 2761 359 2817 est.
403 2752 486 2816 Nam
508 2754 646 2836 primum
669 2754 797 2838 quidem
822 2753 939 2818 Graeci
963 2755 1063 2818 moris
1085 2772 1150 2816 non
1173 2761 1252 2834 erat,

215 2857 319 2919 victos
342 2864 373 2920 et
396 2854 482 2921 bello
504 2856 668 2941 subjectos
690 2859 723 2923 in
746 2860 933 2923 servitutem
955 2852 1100 2942 redigere
1107 2877 1118 2939 3
1139 2858 1171 2920 in
1188 2856 1251 2941 Cy·

139 2978 141 2981 ’
212 2957 335 3023 thetios
368 2971 473 3023 autem
506 2970 593 3024 tanta
626 2964 761 3028 saevitia
790 2980 830 3026 eo
859 2963 963 3025 minus
990 2970 1059 3025 eret
1088 2960 1251 3042 utendum,

212 3063 290 3146 quia
312 3074 430 3127 tantum
453 3063 579 3146 aberat,
601 3075 646 3128 ut
674 3065 814 3129 hostium
844 3065 924 3127 iram
952 3060 1020 3125 ullo
1043 3061 1140 3125 modo
1163 3063 1250 3125 exci-

214 3174 332 3247 tarent,
355 3176 389 3227 ut
411 3165 510 3229 breve
525 3177 646 3231 tantum
660 3179 787 3250 tempus
810 3185 847 3229 se
862 3165 1067 3248 defenderent
1083 3184 1121 3228 ac
1136 3163 1252 3227 deinde

213 3267 338 3351 proelio
356 3269 433 3332 victi
450 3288 490 3333 ex
507 3280 601 3351 pacto
620 3288 657 3333 se
672 3268 923 3333 Atheniensibus
938 3267 1100 3334 dederent.
1134 3264 1251 3346 (Thoe.

213 3364 356 3461 tv,54).
400 3370 573 3436 Praeterea
602 3370 807 3458 Thucydides
829 3371 883 3456 lV,
911 3374 955 3437 57
984 3372 1112 3436 disertis
1143 3370 1252 3434 verbis

211 3491 336 3557 paucos
350 3473 590 3560 Cytheriorum,
612 3497 653 3540 ne
672 3496 790 3541 nocere
811 3487 961 3561 possent,
983 3476 1024 3540 ab
1041 3475 1187 3540 hostibus
1210 3495 1252 3538 ex

211 3577 317 3642 insuia
340 3580 372 3642 in
396 3579 459 3642 ahia
482 3579 552 3645 loca
575 3582 747 3646 translatos
769 3601 845 3647 esse
868 3593 992 3665 narrat,
1012 3582 1129 3665 reliqui
1151 3581 1250 3644 tribu-

212 3682 285 3744 tarii
317 3680 392 3745 faeti
424 3684 549 3765 priscas
581 3686 678 3750 sedes
711 3696 890 3752 tonuerunt.
942 3687 993 3752 De
1027 3688 1180 3750 servitute
1210 3706 1251 3751 nc

212 3783 347 3847 verbum
376 3785 514 3868 quidem.
559 3787 645 3869 Quid
672 3789 792 3875 igitur?
843 3788 928 3853 Num
957 3792 998 3854 iis
1028 3791 1250 3855 assentiemur,

209 3889 267 3972 qui
286 3886 460 3975 ‚Cytherius
489 3910 509 3954 a
532 3890 797 3967 Lacedaemoniis
827 3894 947 3961 dudum
969 3893 1122 3959 subactos
1145 3895 1250 3959 rebel·

211 3990 299 4056 lasse
323 4002 418 4078 atque
440 3996 553 4059 iterum
583 3997 687 4062 victos
714 3997 797 4064 hanc
827 4015 971 4081 poenam·
992 3998 1122 4064 dedisse
1152 3998 1250 4083 idque
