2916 4860
1159 431 1201 496 33

163 599 197 663 ht
219 609 309 675 (uam
332 603 429 667 verba
453 603 507 668 illa
525 601 677 666 Musicae
699 602 795 684 (Plut.
817 601 859 665 de
881 622 960 667 rmrs.
984 623 1012 667 o.
1030 605 1105 685 30),
1129 605 1202 687 qui·

164 705 225 768 hus
254 706 428 787 vituperari
451 706 664 770 Philoxenum
693 704 848 768 creditum
878 716 944 785 est,
974 705 1149 791 Bergkium
1171 717 1202 770 et

163 808 361 874 Meinehium
390 809 547 891 (Meinek.
571 806 716 870 comoed.
745 806 814 869 rell.
837 808 882 889 H,
905 829 937 891 p.
959 809 1038 884 333)
1068 821 1201 873 secutus

163 909 369 994 Bergleinius
391 930 459 975 uon
485 912 528 975 ad
550 909 761 974 Philoxenum
785 920 947 993 spectare,
980 912 1038 975 sert
1065 915 1107 976 iis
1128 933 1201 976 ver·

162 1014 272 1095 sibus,
294 1015 412 1098 quihus
435 1014 537 1077 Musa
550 1016 677 1077 incuset
692 1012 909 1097 Timotheum,
931 1017 1102 1080 inserenda
1126 1036 1201 1079 esse

163 1128 249 1183 reete
269 1120 459 1199 existimat),
483 1118 659 1184 honorilice
681 1117 810 1181 silentio
832 1120 1038 1199 praeteriisse
1049 1120 1201 1183 Philoxe-

163 1242 239 1286 num
269 1221 480 1285 Pherecrates
511 1224 646 1285 videtur.
692 1220 758 1284 'Cui
787 1220 834 1281 rei
865 1219 960 1285 velim
990 1223 1138 1304 equidem
1169 1233 1201 1284 et

162 1327 228 1389 vim
261 1322 354 1389 suain
386 1327 508 1390 trihuas
541 1347 626 1391 neve
658 1329 789 1391 nimium
822 1325 952 1389 tribuae.
1001 1325 1083 1391 Nam
1113 1329 1200 1412 quod

161 1427 362 1492 Philoxenus
385 1447 449 1492 nun
471 1450 511 1493 eo
533 1433 692 1512 prooessit
714 1421 894 1510 arrdaoiae,
912 1448 977 1513 quo
999 1430 1200 1519 Timotheum

160 1531 475 1615 illumspiooessisse
498 1535 699 1616 accepimus,
722 1534 776 1615 qui
800 1551 840 1596 ea
861 1532 921 1596 fuit
942 1538 1148 1616 protervitate
1170 1547 1202 1600 et

161 1635 350 1716 insolentia,
373 1645 407 1699 ut
430 1635 482 1698 vel
497 1634 713 1697 Athenienses
736 1652 891 1698 novarum
908 1655 1015 1700 rerum
1030 1639 1200 1702 studiosis·
1249 1710 1254 1721 Ι

161 1740 232 1801 simi
255 1737 488 1822 dithyramhum
512 1738 583 1820 ejus
605 1755 710 1800 novae
738 1737 816 1798 artis
842 1736 1200 1817 plenissimumsibilis

162 1836 327 1922 exigerent
354 1838 529 1909 <Prata-ch.
560 1839 693 1909 ansani
724 1838 766 1899 sit
787 1838 918 1920 gerenti.
940 1841 1059 1921 respbl.
1081 1862 1112 1924 p.
1135 1843 1201 1906 795
1244 1888 1252 1908 .

162 1943 222 2026 B),
245 1944 318 2006 laus
339 1944 469 2026 quidem
494 1956 560 2024 est,
584 1943 641 2007 serl
662 1962 727 2007 non
744 1962 840 2025 pura3
863 1946 1022 2028 siquidem
1046 1947 1130 2010 aliud
1151 1958 1202 2010 est

162 2067 234 2112 eum
258 2048 351 2111 honis
380 2048 421 2110 rte
444 2052 585 2131 praemio
613 2057 752 2127 certare,
782 2048 869 2112 aliurl
898 2042 1002 2113 malos
1025 2052 1113 2114 vitiis
1137 2071 1199 2115 uon

164 2169 307 2232 aequare.
351 2150 489 2215 Omnino
512 2155 655 2215 musicae
676 2153 775 2232 ratio,
799 2150 904 2235 qualis
927 2162 1003 2215 tuno
1024 2153 1103 2233 fuit,
1127 2171 1201 2215 oum

167 2269 207 2312 ea
228 2255 366 2316 musione
382 2234 762 2335 conditionaoomparari
778 2263 901 2335 potest,
923 2255 955 2315 in
971 2272 1067 2336 quam
1080 2257 1199 2317 nostris

163 2355 357 2433 temporibus
381 2357 575 2418 musicorum
596 2352 937 2437 Franco-Gallorum,
961 2375 1042 2438 quos
1064 2374 1200 2440 regnare

163 2457 194 2518 in
219 2456 349 2521 theatris
372 2478 542 2543 rerumque
565 2460 604 2524 ad
627 2478 759 2522 scenam
788 2459 1011 2540 pertinentium
1037 2459 1138 2522 ‹luees
1161 2478 1201 2523 ae

115 2572 120 2583 ·
162 2560 322 2642 prinsipes
345 2582 420 2625 esse
444 2582 545 2646 prope
566 2562 705 2642 dixeris,
735 2579 834 2643 opera
865 2562 1105 2623 et-auetoritate
1127 2570 1199 2643 pei-

161 2664 259 2726 venit.
292 2664 375 2728 Elin
388 2665 518 2730 hisfieri
534 2679 656 2750 potest,
679 2677 714 2728 ut
726 2667 888 2747 puriorem
903 2684 1000 2727 uuum
1024 2666 1199 2729 alterumve

162 2786 237 2846 prae
260 2769 376 2831 ueteris
400 2780 430 2831 et
453 2771 631 2834 minorihus
653 2771 740 2833 vitiis
762 2769 916 2832 imbutum
947 2768 1055 2849 dieas3
1085 2789 1199 2851 purum

161 2878 190 2931 et
215 2871 373 2953 integrum
390 2872 481 2935 dieas
494 2874 663 2935 neminem.
697 2871 741 2934 ltu
755 2869 985 2951 Philoxenum,
1009 2890 1200 2955 quamquam

161 2969 327 3037 laudamus
350 2992 427 3055 prae
450 2975 585 3057 cetaria,
612 2994 678 3063 uon
708 2975 780 3036 siue
802 2972 992 3052 exceptione
1019 2971 1197 3036 laudamus.

205 3312 282 3382 lle
304 3286 573 3385 Philoxeni
598 3312 834 3384 convivio
858 3315 906 3382 et
928 3311 1153 3400 cyclope.

244 3484 295 3552 Ex
316 3488 486 3553 Philoxeni
508 3491 704 3553 carminibus
735 3488 798 3551 duo
821 3489 993 3553 maximum
1015 3490 1197 3571 aequalium

159 3589 308 3672 plausum
342 3593 496 3674 tulerunt,
531 3590 672 3677 Cyclops
702 3602 732 3653 et
763 3588 972 3672 Conuiuium,
1005 3590 1046 3651 de
1079 3590 1198 3674 quihus

159 3711 277 3776 operae
299 3699 434 3778 pretium
459 3688 517 3760 est
530 3695 627 3779 paulo
649 3695 755 3758 fusius
777 3693 974 3757 disserere·-

245 3796 392 3861 Gonvlvii
423 3788 539 3881 igitur,
574 3809 608 3860 ut
641 3798 714 3861 hine
746 3796 926 3876 ordiamur,
949 3793 1046 3857 ¹haud
1078 3799 1196 3880 exigua

158 3900 336 3983 fragmenta
361 3902 402 3965 ah
415 3900 586 3964 Athenaeo
608 3909 734 3963 seruata
759 3897 898 3975 suut⁶²h
933 3895 1000 3959 Sed
1015 3900 1197 3980 quaesitum

77 4077 80 4081 Ι
158 4013 227 4083 est,
250 4020 326 4065 num
348 4024 366 4065 a
384 4013 493 4067 nostro
505 4001 682 4065 Philoxeno
698 4001 865 4085 eortrlitum
877 4010 974 4063 esset.
1008 3998 1201 4066 Athenaeus

968 4107 990 4168 3
