2916 4860
235 389 279 505 rc

236 617 428 692 posuerunt,
460 628 524 674 non
556 608 590 672 in
621 604 769 690 vulgaris
798 605 957 670 sermonis
975 616 1126 692 egestate
1156 618 1196 673 et*
1216 629 1271 674 an·

236 715 351 799 gustiis
370 717 630 798 acquiescerent,
653 709 712 774 sed
726 711 798 794 ipsa
813 711 1042 793 cogitationum
1057 711 1273 797 magnitudine

198 830 205 843 ‘
236 817 430 880 etnovitate
460 815 501 879 ad
532 833 649 878 novom
679 814 855 876 orationem
885 811 1052 876 ferrentur.
1076 846 1118 860 --
1151 815 1187 878 ln
1215 815 1272 878 illo

236 928 342 983 autem
363 916 454 981 floris
475 917 607 1001 fastigio
634 924 734 978 artem
756 923 905 979 constare
934 934 999 979 non
1027 919 1273 1000 potuissecon·

236 1034 423 1087 sentaneum
445 1031 503 1085 est.
537 1020 618 1084 Nam
642 1038 714 1082 cum
737 1019 822 1101 apud
844 1037 957 1082 omnes
978 1027 1044 1083 tum
1067 1021 1151 1102 apud
1172 1021 1272 1086 Grae·

237 1145 296 1191 cos
318 1146 371 1190 ars
393 1128 521 1209 poetica
547 1116 591 1189 ita
613 1143 654 1186 ex
675 1124 836 1187 communi
858 1125 923 1187 vita
951 1123 1114 1208 rebusque
1135 1125 1274 1208 publicis

236 1230 411 1314 pendebat,
445 1239 480 1291 ut
508 1230 667 1309 omnium,
700 1246 785 1310 quae
813 1228 847 1289 in
876 1225 931 1289 illa
962 1237 1017 1290 aut
1040 1228 1072 1290 in
1095 1227 1273 1309 meliorem,

237 1342 293 1396 aut
314 1334 346 1395 in
376 1331 519 1416 pejorem
548 1340 663 1395 statum
692 1338 973 1411 converterentur,
1008 1332 1167 1413 particeps
1189 1330 1275 1396 sacta

237 1435 452 1500 effloresceret
469 1455 542 1498 cum
557 1433 795 1516 crescentibus,
818 1433 979 1499 laberetur
994 1451 1067 1498 cum
1082 1434 1273 1498 labentibus.

237 1537 368 1602 Nullum
392 1548 497 1602 autem
519 1539 629 1621 poesis
651 1559 755 1623 genus
777 1540 863 1603 vitae
885 1541 1063 1603 communis
1085 1541 1275 1605 mutationes

238 1655 270 1710 et
292 1645 524 1709 conversiones
554 1645 657 1727 magis
688 1663 763 1708 esse
786 1653 949 1727 expertum
970 1644 1139 1727 magisque
1160 1644 1275 1706 aetatis

237 1749 329 1833 ejus,
352 1766 415 1832 qua
437 1745 544 1811 floruit
566 1749 721 1829 maxime,
745 1747 948 1837 expressisse
970 1743 1108 1830 effigiem
1129 1746 1275 1828 dixerim,

237 1873 334 1938 quam
357 1848 631 1938 dithyrambicum.
677 1850 749 1932 Quo
770 1851 819 1933 fit,
842 1861 876 1913 ut
898 1851 931 1913 in
954 1850 1114 1913 communi
1136 1851 1277 1914 omnium

238 1956 437 2022 Graecorum
469 1973 576 2018 rerum
605 1954 774 2037 naufragio
805 1956 900 2017 etiam
928 1950 1178 2036 dithyrambioae
1199 1952 1275 2019 artis

237 2061 270 2122 in
293 2059 365 2140 ipso
388 2056 467 2119 flore
489 2058 582 2119 ruina
603 2040 772 2138 appareat(
807 2056 891 2120 Nam
919 2058 1004 2119 sicut
1031 2057 1176 2139 proxime
1204 2064 1277 2136 post

237 2148 491 2224 funestissimum
531 2157 610 2220 illud
655 2158 773 2224 bellum
812 2159 1144 2242 Peloponnesiacum,
1188 2157 1276 2241 quod

169 2312 172 2316 n
240 2262 398 2327 Graeciae
437 2261 588 2325 incendio
629 2278 691 2325 suo
728 2272 896 2344 correptae
927 2272 1087 2324 tantorum
1120 2261 1276 2325 malorum

138 2406 144 2413 ·
239 2366 336 2447 stirps
358 2364 436 2446 fuit,
458 2381 608 2448 novaque
630 2375 663 2427 et
676 2364 817 2428 inaudita
832 2367 909 2429 vitia
925 2368 1123 2447 procreavit,
1145 2364 1276 2428 latentia

239 2468 274 2530 in
296 2466 400 2529 lucem
422 2465 570 2546 protulit,
592 2485 698 2529 rerum
721 2469 862 2530 omnium
885 2478 917 2530 et
939 2468 1138 2550 publicarum
1160 2477 1192 2530 et
1211 2467 1274 2550 pri-

240 2579 385 2634 vatarum
407 2567 538 2632 vincula
559 2567 643 2632 solvi
656 2576 764 2652 ‘atque
786 2586 845 2652 pro
868 2570 978 2654 legum
999 2570 1208 2654 'veterumque
1227 2570 1275 2632 in·

239 2676 421 2739 stitutorum
442 2674 625 2736 reverentia
647 2673 800 2738 effrenata
818 2674 924 2758 plebis
946 2674 1072 2738 licentia
1095 2673 1276 2757 gubernare
1384 2724 1387 2729 .

236 2775 470 2860 rempubiicam
492 2777 599 2859 coepit
605 2798 616 2859 3
639 2776 689 2840 sic
711 2775 823 2838 eodem
841 2785 985 2858 tempore
1002 2777 1036 2839 in
1058 2785 1127 2838 arte
1147 2766 1276 2859 po‘etica

239 2881 285 2945 ita
305 2880 412 2942 omnia
440 2898 498 2961 per
526 2877 870 2964 dithyrambograpbos
897 2879 1034 2942 maxime
1062 2878 1168 2943 soluta
1193 2886 1276 2954 sum,

238 2992 273 3047 ut
304 2979 437 3065 abjectis
470 2982 632 3064 pristinae
657 2983 735 3046 artis
766 2982 906 3046 vinculis
938 2983 1132 3066 praecipites
1161 2993 1275 3066 poetae

238 3093 386 3166 ruerent,
409 3101 530 3147 novum
552 3083 702 3169 quodque
725 3087 918 3168 arriperent,
948 3104 1006 3169 pro
1037 3088 1176 3150 aeternis
1199 3087 1275 3150 artis

240 3185 368 3269 legibus
397 3205 456 3248 sua
486 3187 606 3270 singuli
635 3188 764 3253 arbitria
793 3200 1002 3274 sequerentur
1013 3191 1064 3269 ⁸⁶).
1115 3189 1275 3256 Effrenata

239 3290 296 3354 iila
318 3299 484 3373 poetarum
503 3290 650 3369 licentia,
672 3292 825 3376 quidquid
846 3293 970 3356 firmum
993 3304 1048 3357 aot
1069 3295 1276 3358 constitutum

239 3412 261 3457 a
282 3392 455 3476 majoribus
479 3402 567 3457 esset
588 3398 820 3478 spernentium,
844 3415 917 3461 oum
930 3399 963 3460 in
978 3397 1051 3463 aliis
1072 3398 1186 3481 rebus,
1209 3409 1276 3462 tum

238 3495 271 3559 in
294 3513 451 3559 novorum
474 3495 646 3560 verborum
667 3498 847 3581 captatione
863 3495 1019 3584 cernitur,
1041 3500 1084 3563 ad
1104 3519 1190 3584 quae
1210 3519 1276 3563 non

238 3599 432 3665 necessitate
465 3597 620 3682 quadam,
653 3601 713 3665 sed
745 3600 818 3665 solo
848 3620 1005 3665 novarum
1034 3620 1141 3667 rerum
1169 3601 1276 3665 studio

238 3702 430 3765 ferebantur.
480 3699 596 3785 Neque
625 3706 710 3768 enim
737 3708 927 3789 posterioris
955 3707 1070 3793 aetatis
1102 3705 1276 3791 dithyram-

238 3804 397 3889 bographi
430 3802 513 3868 banc
546 3808 787 3871 excusationem
819 3806 997 3891 habebant,
1040 3808 1129 3893 quod
1160 3807 1277 3893 generi

238 3907 367 3991 poetico
389 3924 519 3989 operam
534 3918 687 3972 navarent
708 3911 861 3974 orationis
881 3911 1021 3976 novitate
1043 3908 1162 3995 insigni
1168 3931 1179 3991 3
1202 3928 1275 3975 nam

238 4008 339 4094 quod
349 4009 522 4075 maximum
541 4020 609 4074 erat
630 4012 663 4075 in
685 4010 987 4097 dithyrambopooo‚
1009 4022 1044 4075 nt
1057 4012 1208 4077 incitatae
1227 4009 1276 4081 itti
