2916 4860
1185 445 1227 510 lb

185 635 244 701 par
265 616 397 703 longam
419 627 545 701 tempas
563 614 717 698 perstitit,
740 622 912 699 antequam
929 616 971 683 ab
985 617 1124 702 agrestis
1141 618 1226 685 ritae

186 722 346 805 angustiis
367 721 409 786 ad
427 718 559 804 publica
574 717 766 799 certamina,
788 736 807 780 a
822 720 1018 784 carminibus
1025 720 1101 799 {ante
1114 738 1226 785 caren-

185 825 271 891 tibus
293 826 334 889 ad
362 835 461 891 artem
488 835 540 888 est
565 821 750 887 translatus.
795 822 831 886 ln
861 842 924 907 qua
951 824 1163 890 translatione
1191 835 1227 889 nt

184 927 354 994 laetissimi
383 930 474 994 floris
504 927 628 992 semina
660 926 804 1007 inerant,
837 928 882 991 ita
911 928 1053 1011 ingentia
1086 927 1227 993 latebant
1328 990 1332 996 .

185 1034 273 1097 vitia.
315 1033 400 1098 Nam
421 1036 455 1098 in
477 1033 539 1106 boc
559 1032 649 1096 omni
670 1030 782 1112 poesis
803 1048 924 1115 genere
946 1049 1090 1095 summae
1111 1031 1227 1097 mirum

184 1137 219 1200 in
242 1137 372 1201 modum
393 1139 480 1202 vires
502 1137 595 1221 quasi
614 1145 728 1199 natura
743 1135 860 1198 insitae
877 1137 950 1199 sina
969 1132 1057 1197 cultu
1074 1132 1226 1216 latebant,

186 1238 228 1303 ad
250 1258 332 1324 quas
360 1240 457 1304 modo
478 1241 547 1303 veri
570 1236 797 1322 perfectaeque
818 1235 1063 1320 pulchritudinis
1085 1238 1227 1320 speciem

185 1344 352 1426 sequentis
373 1355 489 1427 poetae
517 1363 572 1406 ars
600 1350 633 1404 et
662 1359 776 1404 manus
799 1340 1008 1422 accederent,
1040 1359 1165 1404 samma
1195 1349 1226 1405 et

68 1452 72 1457 '
186 1446 410 1512 excelsissima
430 1448 560 1531 prodire
581 1463 716 1509 necesse
738 1453 824 1526 erat,
852 1453 948 1529 atque
969 1443 1084 1507 eadem
1104 1443 1147 1507 ad
1169 1442 1226 1508 de·

186 1553 359 1615 tortissima
381 1552 539 1635 perverti,
569 1553 599 1616 si
628 1569 667 1613 ea
689 1548 819 1614 deesset
846 1546 1023 1613 moderatio
1044 1567 1084 1613 ac
1105 1557 1226 1633 tempe·

186 1654 306 1731 rantia,
339 1672 424 1737 qnae
453 1653 507 1717 vel
536 1653 771 1716 audacissimos
801 1653 897 1717 animi
925 1662 1030 1717 motus
1052 1654 1226 1719 contineret

186 1760 392 1842 omniumque
413 1760 551 1842 partiam
573 1759 787 1822 consensione
810 1738 899 1840 ejus,
933 1756 1021 1840 qnod
1049 1776 1127 1823 vere
1153 1756 1225 1841 pul·

186 1860 297 1925 ebrum
331 1870 398 1943 est,
430 1860 574 1926 efiiceret
606 1861 759 1945 speciem.
810 1857 858 1923 Ea
891 1868 998 1922 autem
1031 1874 1127 1943 quam
1157 1859 1225 1935 diri

185 1963 323 2045 partium
353 1965 494 2028 omnium
523 1964 695 2027 consensio
726 1981 855 2045 eornm,
888 1963 944 2047 qui
966 1962 1098 2027 Pindari
1118 1972 1225 2028 aetate

187 2075 221 2127 et
241 2075 315 2129 anta
338 2084 411 2129 eum
439 2065 638 2152 dithyrambo
668 2085 797 2148 operam
824 2065 998 2147 dederunt,
1028 2065 1224 2131 carminibus

187 2167 291 2230 inerat
318 2186 459 2250 summa,
493 2188 566 2232 nam
593 2168 641 2231 ita
668 2169 778 2232 omnia
805 2166 861 2231 illa
888 2177 993 2231 aetate
1015 2169 1225 2250 congruentia

187 2270 326 2354 quadam
347 2272 608 2351 continebantur,
630 2280 666 2332 ut
686 2288 760 2332 cum
774 2268 873 2332 rebus
896 2270 1015 2350 optime
1037 2270 1226 2335 conveniret

186 2375 309 2458 oratio,
336 2395 420 2440 neve
442 2395 526 2460 quae
547 2376 633 2441 lavia
655 2383 710 2438 aut
738 2373 835 2439 exilia
857 2381 970 2437 natura
992 2383 1118 2455 essent,
1145 2372 1223 2441 effe·

185 2486 296 2541 rentur
316 2497 356 2541 ea
385 2488 419 2542 et
447 2479 715 2563 amplificarentur
744 2478 916 2543 verborum
946 2477 1138 2562 splendore,
1170 2487 1225 2542 aut

183 2596 291 2643 rerum
312 2583 456 2666 gravitas
478 2584 710 2668 deprimeretur
729 2585 883 2650 orationis
901 2585 1056 2649 tenuitate
1073 2594 1105 2648 et
1120 2585 1224 2648 minu·

184 2692 301 2746 aretur.
346 2681 439 2748 Siout
461 2706 541 2751 vero
555 2688 703 2772 priscum
725 2687 807 2752 illud
828 2698 960 2772 arteque
982 2707 1097 2753 carens
1119 2687 1224 2774 ditby·

184 2786 361 2851 rambioum
391 2808 520 2854 carmen
548 2794 622 2856 sine
651 2803 740 2857 certa
767 2794 841 2878 lege
862 2793 1002 2878 fluebat,
1033 2795 1079 2859 ita
1108 2795 1224 2858 summi

183 2886 232 2951 illi
253 2900 387 2973 poetae,
410 2884 508 2976 quam
530 2906 620 2959 extra
643 2894 751 2981 legem
772 2898 934 2981 solutique
955 2898 1004 2961 iro
1026 2897 1223 2980 viderentur,

183 3001 303 3056 tantum
325 2994 436 3059 aberat
458 3006 493 3061 nt
514 2998 581 3084 legi
602 2999 660 3064 ulli
676 3001 925 3075 adversarentur
947 3003 1034 3083 (nam
1048 3019 1133 3084 quae
1155 3012 1224 3067 erat

183 3093 238 3158 lex
260 3106 315 3160 aot
335 3100 447 3183 regula
476 3105 699 3188 propositai),
727 3114 765 3168 ut
791 3107 855 3189 ipsi
885 3106 979 3189 quasi
1007 3124 1066 3188 pro
1094 3105 1169 3190 lege
1190 3120 1223 3173 et

182 3196 297 3281 regula
318 3199 380 3264 sibi
401 3216 521 3268 essent.

268 3301 430 3371 Pindarus
448 3309 561 3394 igitur,
583 3322 619 3376 nt
640 3313 727 3378 unde
743 3329 856 3377 sumas
871 3312 996 3397 egressi
1011 3321 1220 3396 revertamur,

181 3404 216 3468 in
237 3403 447 3491 dithyrambis
477 3429 496 3474 a
522 3416 618 3480 novis
647 3415 759 3480 verbis
788 3432 853 3479 non
882 3415 1051 3498 abstinuit,
1084 3434 1222 3501 eamque

181 3524 268 3590 rem,
289 3511 463 3593 quoderat
484 3512 558 3597 ojus
579 3517 717 3583 sublime
731 3518 908 3601 ingenium,
931 3536 1125 3603 quamquam
1140 3537 1221 3602 pan·

181 3627 242 3674 oae
263 3621 392 3678 exstam
411 3613 500 3679 illins
517 3615 794 3703 dithyramborom
807 3619 979 3704 reliquiae,
1002 3620 1090 3684 laudi
1104 3622 1220 3704 magis,

181 3731 279 3796 quan
299 3716 527 3801 vituperationi
549 3722 581 3784 ei
602 3719 725 3805 fuisse,
747 3739 790 3786 ex
810 3720 1019 3807 reliquaq’ns
1037 3729 1107 3785 arte
1128 3721 1220 3789 colli·

181 3818 300 3903 gimus
342 3821 426 3888 Nam
446 3825 492 3888 ita
513 3823 634 3891 ferebat
655 3827 703 3890 rei
724 3835 856 3907 natura,
885 3832 919 3887 ut
945 3832 1062 3907 poetae
1083 3824 1131 3891 illi
1153 3823 1220 3889 ola·

180 3921 321 4007 riasirm,
352 3921 533 4012 Pindarus,
566 3926 770 4014 Aeschylus,
810 3926 886 4011 alii,
916 3928 973 4012 qui
1005 3928 1093 3992 viam
1125 3928 1219 4012 <praui

180 4027 321 4107 posteris
342 4030 524 4095 munierunt
544 4048 585 4096 ao
604 4048 704 4116 prope
726 4030 869 4115 portenta
887 4031 969 4097 artis
983 4031 1130 4117 meropia
1145 4049 1220 4115 pro·
