2916 4860
253 433 298 486 te

128 570 134 576 ’
250 588 374 677 judicio
401 594 584 676 torquendo
611 594 709 672 inque
737 601 831 671 papus
860 603 1015 653 vertendo
1045 604 1128 653 nanc
1152 591 1290 655 maxime

253 697 442 761 sententiam
464 712 506 760 ex
527 693 728 776 simplicibus
750 691 815 756 illis
838 691 1034 775 Antiphanis
1061 692 1170 777 verbis
1192 694 1288 759 estri-

253 818 358 863 essse.
402 798 445 862 At
467 814 531 860 non
555 796 659 858 murus
681 794 759 878 quid
781 782 920 859 voluerit
942 797 1069 878 dieera,
1091 814 1187 879 mam
1208 795 1287 880 quid

252 902 307 967 vel
329 901 450 965 nolenti
472 897 626 962 exciderit
655 896 827 964 ridendum
851 907 918 982 est,
946 917 1095 984 quaeque
1116 898 1235 965 lateant
1254 899 1288 963 in

253 1005 361 1069 veniris
389 1021 453 1066 non
489 1003 594 1064 minus
622 1001 899 1086 investigandum,
932 1022 1028 1088 quam
1060 1020 1145 1086 quae
1176 1012 1286 1085 aperta

252 1110 284 1170 in
307 1106 448 1169 omnium
470 1104 625 1186 adspecta
644 1101 751 1188 jacent
772 1104 973 1186 respicienda
996 1115 1079 1169 sunt.

336 1206 439 1272 Ausi
461 1207 595 1291 propuis
616 1204 816 1286 accesseris,
844 1206 917 1287 quis
939 1203 1155 1288 Antiphonem
1178 1205 1289 1272 credat

250 1305 316 1376 illis
337 1312 474 1376 traxime
496 1311 606 1374 verbis
628 1326 760 1373 usurum
782 1319 878 1391 atque
899 1307 979 1372 illud
994 1318 1079 1372 tanta
1097 1320 1169 1373 cnm
1192 1310 1289 1374 laude

251 1415 293 1481 de
310 1412 490 1480 Philoxeno
512 1412 614 1477 fnisse
628 1408 905 1494 praedicaturum,
927 1409 990 1473 nisi
1005 1422 1149 1494 apertum
1172 1411 1227 1476 ille
1248 1430 1289 1476 ac

185 1596 188 1602 Ι
249 1519 451 1583 manifestum
473 1516 613 1580 studium
633 1517 668 1579 in
681 1513 743 1578 hac
757 1515 828 1596 ipsa
847 1534 884 1578 re
898 1515 1108 1599 collocasset,
1131 1528 1166 1581 ut
1181 1535 1289 1583 novus

249 1620 371 1704 ubique
392 1630 488 1703 atque
511 1636 590 1682 suns
612 1618 646 1681 in
667 1615 806 1680 dicendo
827 1616 1001 1682 videretur.
1034 1617 1073 1683 Et
1096 1619 1159 1684 ltoc
1180 1622 1288 1705 ipsum

250 1718 408 1809 estquod
429 1722 712 1807 reprehendimus,
735 1738 799 1783 non
821 1737 980 1785 novorum
996 1723 1166 1789 verborum
1180 1743 1285 1806 risum,

249 1828 309 1893 sed
320 1847 394 1892 cum
405 1826 762 1895 affectationealtusum.
784 1827 957 1892 Praeterea
970 1840 1133 1913 quantum,
1151 1847 1284 1914 quaeso,

249 1932 279 1994 ei
294 1931 495 1996 tribuendum
512 1950 587 1996 esse
603 1931 741 2014 putatis,
763 1932 815 1994 cni
833 1930 887 1994 rel
903 1933 1060 2015 prodigus
1075 1935 1109 1997 in
1124 1932 1286 1997 laudando

222 2106 226 2113 ,
249 2034 421 2098 admirator
447 2045 577 2117 praeter
605 2053 690 2101 nova
710 2036 809 2101 verba
838 2045 894 2100 aut
915 2036 994 2101 nihil
1017 2045 1071 2103 sut
1091 2038 1286 2120 paucissima

248 2136 418 2201 tribuerit?
439 2174 480 2183 —

337 2240 452 2326 Neque
491 2243 577 2307 idern
610 2261 723 2308 omnes
763 2243 807 2307 de
838 2242 1019 2308 Philoxeno
1056 2243 1286 2308 existimarunt.

247 2344 330 2411 Nam
362 2346 510 2412 homines
547 2348 626 2412 artis
658 2346 956 2431 intelligentissimi,
997 2346 1050 2429 qui
1091 2355 1127 2408 ut
1158 2347 1285 2428 priscae

247 2449 435 2515 comoediae
448 2450 528 2532 viri,
551 2460 739 2534 praesentes
759 2459 855 2533 atque
876 2449 1009 2532 integris
1032 2446 1136 2511 oculis
1156 2448 1283 2513 manem

245 2551 641 2639 dithyrambographorum
656 2551 972 2643 grandiloquentiam
987 2550 1206 2636 intuebantur,
1216 2561 1284 2616 'nul

246 2656 301 2740 qui
319 2656 399 2719 satis
416 2653 513 2740 longo
529 2655 684 2737 temporis
701 2654 870 2719 intervallo
890 2654 931 2718 ab
947 2652 1002 2718 illa
1019 2662 1124 2718 aetate
1135 2655 1283 2735 aberant,

246 2755 390 2821 utnulla
413 2776 449 2844 re
469 2756 643 2839 perturbati
665 2755 768 2821 libere
784 2754 935 2841 judicare
963 2766 1116 2841 possent,
1146 2766 1180 2820 ut
1201 2755 1281 2821 Dio—

246 2861 359 2946 nysius
388 2859 444 2923 ille
466 2855 765 2925 Halicarnassensis
795 2848 852 2939 (cl.
876 2862 918 2926 de
940 2882 1044 2945 comp.
1066 2880 1140 2927 voc.
1162 2882 1190 2928 c.
1214 2863 1282 2949 id),

244 2962 288 3026 ita
310 2961 351 3027 de
373 2962 553 3028 Philoxeno
570 2961 732 3049 judicant,
753 2976 789 3030 ut
810 2987 852 3032 ne
873 2970 989 3033 nimias
1011 2970 1042 3033 ci
1063 2969 1283 3052 impertiamus

245 3065 358 3131 landes
373 3068 553 3132 cavendum
575 3069 680 3133 sit-
701 3070 795 3135 Plato
817 3071 946 3157 quidem
964 3071 1108 3135 comicus
1129 3079 1282 3155 quantuni

245 3171 275 3232 ei
297 3170 452 3235 tribueret
462 3170 596 3236 Phaone
617 3173 726 3238 labnla
750 3175 875 3257 docuit,
898 3176 930 3237 in
952 3192 1017 3257 qua
1038 3171 1282 3238 celebratissimi

243 3270 332 3335 illius
343 3269 515 3336 Philoxeni
537 3275 707 3356 carminis,
729 3274 815 3359 quod
830 3277 968 3340 Δεῖπνον
990 3276 1179 3359 inscriptum
1202 3284 1282 3359 enat,

243 3376 288 3439 lta
309 3373 480 3439 exilitatem
502 3384 534 3438 et
555 3377 733 3440 siccitatem
751 3377 952 3459 perstrinxit,
974 3385 1009 3440 ut
1024 3394 1110 3440 nova
1123 3376 1281 3461 quaedam
1343 3402 1346 3409 ·

241 3477 401 3562 coquendi
425 3488 594 3561 praecepta
610 3478 760 3543 versibus
782 3478 873 3542 illurn
890 3479 1066 3544 inclusisse
1080 3479 1216 3564 lingeret
1227 3480 1281 3563 ⁴⁰),

146 3650 150 3655 ,
242 3599 283 3647 sc
304 3581 401 3667 longe
422 3582 533 3666 abest,
553 3592 588 3646 nt
604 3600 760 3667 nugarum
782 3581 928 3666 illarum,
951 3580 1068 3666 quibus
1082 3598 1199 3645 ornare
1213 3600 1281 3646 rem

244 3685 433 3750 vilissimam
463 3696 558 3770 poeta
585 3687 649 3751 sibi
675 3690 769 3753 visus
801 3698 867 3772 est,
898 3688 1073 3751 novitatem
1102 3687 1288 3754 Philoxene

242 3787 455 3853 invideamus.
506 3785 573 3853 Sed
606 3790 694 3873 quud
721 3789 826 3855 tltsius
859 3789 941 3855 infra
971 3791 1014 3855 de
1034 3789 1198 3855 Convivia
1224 3789 1281 3856 illo

170 3968 182 3979 f
243 3893 435 3976 disputaturi
456 3912 587 3979 sumus,
609 3897 712 3960 setius
734 3894 885 3959 duximus
907 3892 1068 3976 indicare,
1089 3909 1187 3977 quarn
1208 3892 1281 3977 plu·

242 3998 350 4081 ribus,
371 3996 449 4083 qnid
471 3996 513 4062 de
534 3996 591 4061 illo
613 4008 762 4081 poemate
782 4009 979 4080 statuamus,
1000 3997 1163 4080 persequi.
1204 3993 1281 4062 Nou
