2916 4860
244 448 286 515 tc

241 631 348 687 autem
370 621 454 715 apud
466 619 659 707 Dionysium
679 618 853 701 plurimum
866 616 1103 682 existimatione
1116 628 1149 682 et
1169 631 1278 686 aucto·
1362 606 1363 609 ¹

241 727 333 789 ritate
356 725 499 808 valebat,
529 721 744 797 tamenlaesa
766 721 893 807 tyranni
921 720 1051 784 ambitio
1074 731 1106 784 et
1127 723 1279 808 iniqnitas

240 837 369 911 poetam
391 828 472 893 urhe
494 826 695 911 expulerunt.
739 821 882 907 Tyranni
911 825 995 887 enim
1024 824 1109 888 malo
1131 836 1279 909 poemate

241 930 414 1015 aliquando
437 950 535 1015 super
556 947 691 1003 caenam
712 930 864 1011 recitato,
888 929 1068 1010 quaesitum
1090 939 1140 993 est
1161 949 1181 993 e
1202 930 1279 998 Phi·
1304 1011 1309 1016 ι

239 1034 376 1117 loxenc,
399 1035 476 1118 quid
498 1033 538 1097 de
560 1052 600 1097 ec
623 1033 829 1097 existimaret.
874 1029 993 1113 Poeta,
1018 1035 1091 1097 aive
1104 1034 1279 1120 'indignum

239 1137 390 1221 putabat,
420 1137 566 1218 imperito
589 1154 742 1199 versuum
764 1133 877 1197 artifici
900 1134 1054 1217 blandiri,
1084 1138 1155 1200 sive
1177 1138 1278 1204 altero

239 1238 373 1304 laudato
402 1241 444 1304 de
473 1259 532 1304 sua
562 1239 666 1323 gloria
696 1237 818 1320 aliquid
848 1237 971 1302 detrahi
1000 1240 1212 1304 arbitrabatur
1225 1243 1276 1325 ¹²),
1328 1270 1332 1274 “

239 1344 311 1407 sive
344 1343 482 1427 denique
514 1362 533 1405 a
567 1363 603 1406 se
635 1343 806 1423 impetrare
839 1357 903 1402 non
936 1352 1075 1426 poterat,
1116 1360 1150 1406 ut
1182 1344 1277 1408 talem

239 1445 399 1510 hominem
426 1446 459 1508 id
489 1445 551 1509 sibi
580 1466 709 1510 sumere
738 1445 867 1526 impune
888 1457 1065 1528 pateretur,
1099 1448 1187 1532 quod
1208 1451 1277 1514 veri
1326 1471 1329 1475 ’

240 1549 344 1612 solius
373 1559 487 1632 poetae
515 1558 619 1626 esset,
654 1567 758 1631 eoque
786 1550 892 1629 magis
921 1548 1008 1611 illius
1032 1553 1277 1615 ostentationem

238 1654 480 1737 indignabatur,
510 1654 597 1738 quod
620 1648 740 1735 abeo,
772 1671 867 1736 quern
897 1652 986 1717 nullo
1008 1654 1103 1718 mado
1126 1673 1168 1717 ne
1190 1673 1276 1718 com·

238 1760 344 1840 parari
365 1760 494 1842 quidem
517 1779 626 1823 secum
649 1777 748 1842 posse
769 1757 918 1838 sentiret,
947 1757 988 1820 ad
1010 1758 1172 1822 laudanda
1194 1761 1277 1823 vitu·

238 1865 403 1944 paratione
425 1875 546 1927 tantum
570 1864 668 1948 digna
691 1872 781 1926 esset
803 1872 974 1942 evocatus3
1007 1861 1110 1926 liherc
1138 1863 1216 1948 quid
1236 1863 1278 1927 dc

237 1969 413 2050 propositis
435 1969 585 2032 versibus
607 1970 742 2031 sentiret
763 1968 1004 2051 pronunciavit,
1034 1984 1098 2050 quo
1121 1967 1207 2030 facto
1228 1977 1277 2052 ty·

237 2089 377 2153 rannus,
400 2071 495 2134 dictis
519 2071 661 2135 offensus
685 2081 716 2134 et
738 2088 898 2134 accusans
919 2069 1027 2151 illum,
1050 2069 1136 2154 quod
1159 2070 1278 2133 invidia

237 2173 352 2239 ductus
375 2194 412 2237 se
434 2176 712 2259 reprehendisset,
743 2174 934 2238 satellitibus
962 2194 1035 2237 eum
1057 2175 1279 2240 abducendum

238 2279 324 2341 etin
346 2278 492 2342 latomias
508 2279 546 2350 ¹³)
567 2277 801 2363 conjiciendum
824 2277 961 2341 tradidit.
994 2279 1025 2342 ls
1041 2281 1141 2361 enim,
1164 2278 1278 2344 Cicero
1357 2282 1363 2289 ’

238 2385 281 2446 ait
303 2383 414 2459 (Tusc.
429 2405 481 2468 qu.
496 2383 538 2467 V,
553 2387 629 2466 Ὦ),
653 2385 778 2446 animus
793 2383 953 2466 Dionysio
970 2382 1037 2463 luit,
1059 2392 1093 2445 ut
1107 2385 1277 2467 neminem,

237 2486 292 2569 qui
316 2497 369 2550 aut
389 2485 536 2550 libertate
559 2487 675 2570 dignus
700 2496 803 2567 esset,
834 2495 888 2547 aut
910 2484 1008 2549 vellet
1036 2486 1166 2548 omnino
1195 2486 1277 2549 liber

234 2608 328 2671 esse,
349 2590 413 2652 sibi
437 2591 574 2652 amicum
597 2590 811 2653 arbitraretur.
850 2586 1000 2652 Omnium
1019 2597 1125 2651 autem
1148 2589 1276 2651 minime

234 2691 319 2756 serre
351 2702 496 2776 poterat,
538 2695 566 2755 si
600 2695 672 2777 quis
707 2693 875 2776 versibus,
918 2692 1035 2775 quihus
1068 2692 1205 2754 maxime
1238 2709 1275 2754 se.

233 2795 407 2878 efferebat,
437 2816 501 2860 nun
531 2807 636 2860 tantas
666 2798 841 2880 impertiret
863 2797 994 2880 laudes,
1029 2798 1157 2881 quantis
1184 2795 1274 2879 digni

235 2914 310 2961 esse
332 2900 396 2982 ipsi
419 2899 620 2962 videbantur.
643 2935 684 2946 -

322 3002 366 3064 lta
380 3002 628 3086 Antiphontem,
651 3008 706 3089 qui
729 3025 802 3070 cum
825 3007 897 3087 ipsc
912 3003 1098 3088 tragoedias
1116 3003 1275 3069 condebat

232 3103 409 3182 (Plutarch.
433 3105 497 3168 Vit.
513 3106 544 3169 X
564 3107 641 3170 rhet.
665 3129 695 3191 p.
710 3110 776 3174 833
794 3107 854 3191 C),
878 3129 975 3191 quum
997 3109 1123 3192 tyranni
1146 3106 1274 3170 fabulas

233 3219 397 3290 carperet,
421 3209 496 3272 odio
520 3209 647 3292 babuit,
672 3223 767 3295 atque
789 3221 865 3295 past
887 3209 1074 3295 Olympiaca
1101 3210 1155 3273 illa
1179 3209 1274 3273 sibila

233 3318 319 3372 tanta
341 3310 463 3374 invidia
485 3313 638 3376 incensus
662 3324 727 3396 est,
758 3325 793 3378 ut
822 3333 933 3377 omnes
956 3311 1103 3375 homines
1125 3314 1272 3376 inimicos

232 3412 297 3476 sibi
331 3432 406 3476 esse
439 3424 564 3497 putaret
597 3418 814 3501 optimosque,
857 3434 940 3499 quos
981 3414 1136 3479 dilexerat
1168 3426 1271 3497 antea,

233 3511 409 3599 Syracusis
439 3515 570 3600 ejiceret
596 3518 812 3601 (Wesseliag.
840 3500 996 3583 an'uioa.
1019 3517 1091 3599 XV,
1114 3521 1159 3595 6).
1204 3516 1272 3581 Sed

233 3619 274 3681 ad
301 3616 514 3683 Philoxenum
547 3622 726 3687 redeamus.
773 3620 934 3685 Postridie
963 3621 1035 3705 ejus
1065 3623 1129 3684 diei
1158 3623 1270 3687 amicis

232 3728 359 3789 veniam
381 3736 496 3809 poetae
519 3727 699 3809 petentibus
722 3725 900 3811 Dionysius
930 3745 948 3787 e
971 3744 1102 3789 carcere
1124 3743 1198 3788 eum
1220 3744 1270 3788 ar·

232 3828 333 3892 cessit
365 3838 460 3912 atque
493 3828 624 3893 eosdem
655 3831 697 3894 ad
726 3849 861 3893 coenam
892 3840 996 3892 arceat.
1041 3829 1125 3892 later
1153 3829 1271 3912 pocula

231 3931 328 4015 igitur
348 3929 509 4017 Dionysio
531 3933 645 3996 iterum
670 3951 787 3996 versus
810 3949 889 3996 suos
907 3931 1051 4015 jactante
1073 3951 1113 3997 ac
1134 3931 1270 3997 nonnul·

231 4030 300 4117 las,
323 4035 378 4118 qui
395 4045 532 4100 venuste
546 4037 750 4119 processisse
765 4034 975 4120 videbantur,
998 4038 1170 4119 recitante,
1193 4036 1268 4100 Phi-
