2916 4860
1166 448 1209 518 37

171 618 243 700 ipso
266 617 453 700 Athenaeo,
475 620 530 702 qui
552 618 623 682 lihr.
645 618 674 697 l,
702 641 732 704 p.
754 624 793 695 5,
823 633 993 708 postquam
1016 640 1075 686 eos
1096 642 1208 687 reeen-

168 723 253 803 suit,
276 724 330 806 qui
353 718 491 787 δείπνων
508 714 698 809 ἀναγραφαῖς
711 723 916 804 scripserint,
937 727 981 787 ita
997 727 1115 809 pergit:
1143 726 1210 791 Τοῦ

174 822 349 906 Φιλοξένου
371 822 409 889 δὲ
437 825 497 890 τοῦ
518 820 706 889 Λευκαδίου
729 821 871 890 Δείπνου
893 817 1034 893 Πλάτων
1054 819 1073 893 ὁ
1093 850 1211 910 νυμον.

172 921 315 1002 δονποιὸς
335 924 507 1014 μέμνηται·

408 1023 482 1114 Ἐγώ
505 1022 647 1094 d'i'rdord’
667 1025 702 1094 ἐν
722 1030 764 1114 τῇ
783 1023 896 1117 ’ρημίυ
916 1044 978 1098 eee

171 1145 204 1196 et
226 1132 297 1196 libr.
320 1132 374 1215 lV,
402 1154 432 1216 p.
459 1135 520 1197 tto
549 1132 671 1215 aliquot
693 1131 843 1196 Convivii
872 1155 988 1197 versus
1017 1138 1210 1218 repetiturus

172 1235 234 1300 hoo
268 1238 363 1300 utitur
392 1237 542 1300 exordio:
589 1235 762 1318 Φιλόξενυς
790 1230 821 1301 d’
851 1232 869 1303 ὁ
902 1234 1072 1327 Κυθήριος
1100 1238 1134 1305 ἐν
1162 1243 1209 1324 τῷ

170 1336 418 1428 ἐπιγραφομένῳ
447 1338 578 1424 Δείπνῳ
613 1340 721 1428 (εἴπερ
754 1336 871 1407 τούτου
903 1341 956 1407 καὶ
991 1336 1010 1408 ὁ
1045 1345 1208 1427 κωμῳδιο-

171 1438 267 1520 ποιὸς
288 1439 428 1510 Πλάτων
447 1442 481 1509 ἐν
500 1446 548 1528 τῷ
570 1436 681 1510 Φάωνι
702 1438 867 1532 ἐμνήσθη,
896 1443 950 1509 καὶ
971 1442 1018 1532 μή
1039 1448 1100 1512 τοῦ
1121 1454 1209 1513 Λευ·
1242 1502 1244 1507 .

171 1547 287 1616 νιαδίου
297 1547 486 1632 Φιλοξένου)
498 1540 651 1636 τοιαύτην
663 1545 829 1615 ἐκτίθεται
840 1545 1049 1638 παρασκευήν
1065 1549 1208 1617 δείπνου.

535 1651 593 1731 Εἰς
615 1649 763 1743 d'eipeqor
783 1654 849 1720 κτλ.

257 1755 371 1820 Priore
393 1756 448 1819 illo
471 1755 545 1821 loeo
568 1758 807 1842 quatuordeeim
830 1758 1005 1823 hexametri
1035 1759 1210 1824 afferuntur

171 1880 213 1923 ex
234 1858 423 1941 Philoxeni,
458 1878 552 1943 quem
582 1858 779 1923 Leucadium
810 1860 875 1924 illie
903 1861 1093 1926 Athenaeus
1122 1865 1208 1943 dicit,

170 1961 333 2026 Convivio
353 1965 461 2046 petiti,
490 1962 610 2046 quihus
639 1964 682 2025 ita
704 1981 798 2025 usum
821 1983 895 2027 esse
917 1964 1084 2029 Platonem
1106 1966 1209 2051 Berg-

171 2067 299 2148 ldus²²)
332 2069 459 2149 statuit,
493 2079 527 2131 ut
560 2066 723 2146 comicos,
756 2086 853 2148 quum
888 2068 1087 2151 ingeniosam
1121 2070 1209 2133 illam

173 2173 362 2255 ubertatem,
385 2194 447 2257 qua
469 2172 667 2236 Philoxenus
689 2169 892 2254 (Cytherius)
915 2173 948 2233 in
972 2169 1133 2235 Conririo
1154 2192 1209 2235 res

175 2275 254 2337 satis
276 2275 363 2340 leres
383 2287 416 2338 et
437 2274 667 2358 propemodum
689 2275 841 2355 indignas
859 2285 1042 2355 tractasset,
1066 2277 1209 2357 apoesis

172 2376 279 2441 divina
302 2381 412 2461 speeie
438 2379 611 2443 abhorrere
638 2377 869 2456 intellexisset,
903 2378 1037 2461 lingeret
1058 2378 1208 2443 Philoxe-

171 2499 245 2542 num
267 2481 388 2545 lasoiva
412 2482 568 2566 quaedam
587 2476 757 2564 praecepta
782 2481 940 2565 coquendi
957 2483 1106 2547 versibus
1121 2503 1208 2547 eom·

169 2585 391 2669 prehendisse.
432 2586 641 2672 Bergleinius
664 2596 769 2648 autem
794 2584 997 2650 hexametros
1018 2586 1111 2666 illos,
1133 2591 1208 2671 quia

169 2708 210 2751 ne
247 2689 408 2753 levissima
443 2690 571 2773 quidem
604 2687 777 2750 similitudo
812 2691 851 2751 iis
879 2709 952 2753 eum
981 2688 1038 2751 illo
1066 2689 1209 2775 Cytherii

167 2793 369 2879 dithyrambo
399 2793 596 2874 intercedat,
629 2812 693 2854 noa
721 2792 760 2854 ad
785 2789 970 2876 Cytherium
994 2791 1209 2878 dithyramho·

166 2896 321 2980 graphum
356 2899 532 2980 pertinere,
567 2898 624 2959 sed
655 2908 743 2959 reete
776 2898 818 2961 ab
850 2898 1017 2960 Athenaeo
1051 2899 1090 2960 ad
1124 2899 1208 2962 Leu-

167 3001 292 3063 cadium
314 3000 403 3064 illum
432 3005 606 3083 parasitum
636 2999 800 3063 transferri
833 3000 1012 3063 arbitratur.
1057 3001 1137 3065 Eum
1160 3003 1207 3064 rei

167 3100 343 3164 culinariae
363 3106 555 3187 scriptorem
571 3103 672 3165 luisse
690 3117 722 3167 et
744 3122 762 3164 a
779 3101 915 3165 Platone
930 3105 1055 3166 eornieo
1077 3105 1207 3165 irrisum

167 3226 241 3269 esse
264 3209 434 3272 existimat.
479 3207 654 3291 Bergkium
677 3217 782 3269 autem
805 3207 981 3288 vituperat,
1011 3205 1096 3289 quod
1127 3206 1207 3268 alte·

166 3328 235 3372 rum
269 3312 429 3375 Athenaei
463 3312 569 3376 locum
604 3312 674 3395 (lV,
708 3333 739 3396 p.
777 3314 854 3384 tto)
888 3311 972 3375 male
1007 3311 1206 3375 intellexerit.

166 3413 257 3495 Quae
290 3418 479 3499 vituperatio
509 3437 626 3480 vereor
656 3439 697 3479 ne
728 3417 766 3478 ad
798 3419 903 3497 ipsum
934 3416 1053 3479 redeat.
1097 3415 1205 3477 Verha

165 3519 252 3579 enim
264 3519 421 3582 Athenaei
446 3539 509 3582 non
533 3519 643 3583 dulrito
665 3523 742 3604 quin
766 3520 828 3581 hoo
851 3521 947 3585 modo
970 3519 1206 3602 interpretanda

164 3620 244 3682 sint:
277 3620 475 3686 Philoxenus
498 3634 603 3684 autem
627 3622 799 3705 Cytherius
834 3625 877 3698 (si
904 3623 1032 3706 quidem
1064 3623 1116 3685 hie
1144 3634 1205 3701 est,

164 3722 257 3805 eujus
291 3723 386 3786 Plato
420 3727 452 3787 in
485 3723 619 3786 Phaone
653 3726 808 3801 meminit,
843 3743 907 3786 non
942 3723 1138 3797 Leucadius)
1173 3727 1204 3786 in

164 3824 324 3891 Convivia
348 3829 431 3892 hune
453 3828 582 3891 exhihet
603 3815 745 3890 eonvitii
768 3838 964 3910 apparatum.
1001 3826 1090 3890 liaeo
1108 3829 1205 3911 igitur

163 3931 352 3995 Athenaeus
374 3932 466 3995 dicit:
502 3931 601 3994 Rerte
623 3932 771 4014 equidem
796 3949 912 3993 versus
931 3929 1097 4011 Conrivii,
1120 3951 1203 4017 qnos

164 4035 356 4115 repetiturus
379 4034 449 4095 sam
473 4029 535 4114 (εἷς
557 4028 707 4121 d'i'pepor
720 4033 809 4116 κτλ),
833 4035 873 4098 ad
888 4032 1075 4119 Cytheriom
1098 4045 1202 4098 trans-
