2916 4860
244 394 287 466 24

245 583 276 637 et
298 571 451 657 educato,
474 587 626 659 quantum
649 576 689 639 ad
712 577 866 639 musicam
890 596 927 641 ca
950 579 1114 660 pertinuit,
1143 592 1279 640 consen·

244 688 371 742 laneum
395 689 497 742 estet
520 681 594 743 vitis
619 681 732 744 aetatis
755 673 789 742 et
810 682 960 762 virtutes,
982 683 1010 743 si
1035 679 1120 742 ullae
1142 679 1279 757 fueruat,

244 780 340 843 mixta
373 766 517 845 ioluisse.
569 780 638 844 Nos
667 781 708 844 de
736 781 904 846 Philoxeni
937 784 1058 846 meritis
1086 782 1277 865 disputaturi

244 881 322 965 quid
342 884 384 946 sit
405 883 493 966 quod
514 884 749 965 vituperatores
778 885 884 965 potius
907 883 996 968 eJus,
1025 904 1120 967 quam
1141 885 1278 948 admira·

245 995 334 1048 tores
371 1002 561 1067 sequamur,
594 983 660 1047 noli
688 987 796 1049 mirari
804 1007 814 1066 ;
847 1002 906 1050 cur
938 989 1031 1050 aliter
1063 990 1182 1051 sentire
1215 1004 1279 1049 nou

245 1087 427 1169 possimus,
448 1107 490 1151 ex
511 1089 569 1168 iis,
592 1105 676 1170 quae
697 1087 738 1150 de
751 1088 902 1154 universa
925 1091 1040 1153 aetatis
1060 1091 1148 1152 illius
1172 1088 1280 1154 indole

247 1203 302 1254 aut
324 1192 483 1274 disputata
505 1205 580 1257 sunt
608 1203 664 1257 aut
689 1193 950 1276 disputabuntur,
986 1193 1161 1273 apparebit.
1205 1190 1281 1255 Phi·

246 1295 396 1359 loxenum
423 1296 524 1380 igitur
551 1297 666 1360 cornici
697 1295 814 1359 Graeci
847 1306 877 1361 et
900 1293 1117 1374 Plutarchus,
1153 1295 1208 1377 qui
1241 1292 1282 1356 de

246 1396 345 1461 rebus
369 1397 566 1463 Graecorum
590 1399 722 1463 musicis
750 1409 783 1461 ct
803 1399 938 1482 piurima
961 1409 991 1460 et
1014 1402 1191 1461 memoratri
1211 1396 1281 1482 dig·

247 1500 378 1563 nissima
396 1503 534 1583 posteris
551 1501 764 1583 tradiderunt,
787 1520 850 1565 non
871 1501 934 1564 alio
951 1499 1165 1583 locchabent,
1186 1519 1283 1583 quam

247 1611 373 1666 ceteros
395 1602 483 1666 illius
506 1605 659 1686 temporis
689 1603 938 1689 dithyrambicos
960 1613 1092 1685 poetas,
1125 1601 1282 1685 Melanip·

199 1764 201 1773 l
246 1705 354 1789 pidem
366 1705 616 1789 ⁴⁸),cinesiam
628 1709 689 1791 ⁴⁰),
719 1706 934 1792 Phrynin⁶⁰),
968 1704 1167 1769 'limotheum
1189 1705 1282 1768 Mile·

247 1808 331 1871 sium
344 1810 402 1890 ⁶¹),
430 1828 514 1892 quos
543 1811 686 1874 certatim
716 1811 747 1871 in
766 1809 1001 1891 eomumpenda
1024 1810 1147 1872 musica
1169 1828 1205 1872 se
1227 1826 1282 1870 ex·

248 1913 379 1992 cepisse
408 1913 640 1995 pristinamque
668 1911 919 1992 simplicitatem,
950 1913 1143 1993 castitatem,
1178 1913 1284 1996 gravi·

250 2021 347 2077 tatem
380 2015 508 2077 omnino
541 2014 581 2078 ab
615 2032 654 2076 ea
681 2014 858 2079 detraxisse
887 2015 934 2081 illi
967 2027 1115 2080 auctores
1148 2017 1283 2094 suurn).

206 2148 211 2161 r
248 2116 439 2181 Plutarchus
463 2118 546 2178 enim
569 2115 610 2178 de
632 2135 713 2178 mus.
736 2135 765 2178 c.
789 2119 847 2199 12,
870 2128 1039 2202 postquam
1055 2119 1283 2202 Terpandrum,

248 2219 504 2306 Polymnestum,
534 2217 717 2299 Thaletem,
748 2214 923 2301 Sacadam,
953 2224 1007 2305 qui
1038 2241 1100 2287 uon
1124 2223 1281 2304 paucam

247 2325 372 2388 musica
393 2334 569 2401 novarum,
599 2320 640 2383 ab
668 2339 706 2381 ea
734 2322 853 2383 veteris
874 2326 1018 2387 musicae
1040 2327 1165 2407 specie,
1199 2344 1283 2408 quae

248 2430 341 2511 quasi
374 2428 612 2491 fundamentum
645 2435 740 2507 atque
773 2444 831 2507 pro
865 2427 1012 2509 exemplo
1044 2430 1183 2511 posteris
1213 2427 1283 2508 fuit,

175 2612 179 2615 ἱ
248 2549 408 2613 uunquam
438 2530 621 2593 decessisse
650 2529 746 2611 dixit,
779 2531 824 2594 ita
852 2534 972 2616 pergit:
1010 2529 1135 2620 Κρέξος
1164 2530 1201 2597 δέ
1230 2530 1283 2596 καί

189 2622 420 2714 κ’ῒΐῑιμόδεος
449 2630 503 2697 καί
527 2624 696 2712 Φιλόξενυς
724 2632 778 2697 καί
808 2631 840 2698 οί
868 2632 937 2698 κατ’
959 2628 1060 2723 αότήν
1082 2631 1140 2723 τήν
1161 2628 1284 2722 ἡλικίαν

247 2729 410 2821 γεγονότες
431 2735 565 2822 ποιηταί
594 2727 826 2824 φορτικώτεροι
856 2738 908 2805 καί
930 2730 1108 2827 φιλόκαινοι
1128 2730 1282 2825 γεγόνασι,

248 2836 304 2906 τδν
324 2831 562 2927 φιλάνθρωπον
582 2838 635 2905 καί
656 2835 835 2921 θεματικὸν
861 2843 915 2907 νῦν
936 2836 1166 2923 ὀνομαζόμενον
1195 2834 1283 2928 (τρό.

248 2947 323 3022 πον)
347 2937 536 3025 διώξαντες·
565 2941 623 3032 τήν
645 2936 866 3031 ὀλιγοχορδίαν
887 2946 941 3012 καί
962 2942 1020 3033 τήν
1042 2937 1208 3033 ἁπλότητα
1229 2945 1283 3011 καὶ

248 3042 426 3137 σεμνότητα
445 3052 503 3138 τῆς
524 3052 680 3136 μουσικῆς
701 3050 866 3126 παντελῶς
888 3043 1041 3135 όρχαὶκήν
1063 3040 1142 3113 εἶναι
1164 3047 1284 3131 συμβέ-

246 3157 354 3240 βηκεν.
398 3153 561 3217 Plutarchi
591 3150 748 3219 sententia
772 3156 933 3237 Platonis,
959 3156 1142 3237 gravissimi
1165 3156 1283 3223 veteris

151 3276 155 3285 x
247 3262 391 3322 musicae
419 3260 576 3338 vindicis,
604 3261 789 3323 auctoritate
820 3258 1033 3321 confirmatur.
1077 3256 1169 3321 Plato
1199 3258 1283 3319 enim

248 3363 289 3426 de
313 3363 396 3445 legg.
419 3381 447 3443 p.
471 3362 535 3425 659
557 3361 637 3422 haec
661 3360 752 3423 dicit:
778 3359 932 3444 Συνχοροί
954 3352 994 3443 δὴ
1016 3351 1053 3424 τό
1074 3380 1110 3443 ye
1131 3358 1283 3423 τοσοῦτον

247 3462 301 3528 καί
323 3456 384 3548 ε’γιδ
406 3466 474 3537 τοῖς
495 3461 645 3541 πολλοῖς,
668 3461 736 3526 δεῖν
748 3455 805 3548 τήν
821 3456 978 3549 μουσικήν
993 3456 1091 3547 ἡδονῇ
1105 3459 1281 3548 κρίνεσθαι,

247 3561 293 3654 μῆ
328 3564 440 3648 ,μέντοι
472 3568 536 3631 τῶν
570 3587 606 3649 γε
638 3556 870 3647 ἐπιτυχόντων,
904 3559 986 3630 ιίλλοί
1018 3558 1131 3644 σχεδόν
1163 3562 1284 3650 ἐκείνην

246 3663 326 3736 εἶναι
339 3671 479 3737 Μοῦσαν
501 3667 686 3755 καλλίστην,
710 3664 778 3754 ἥτις
800 3663 877 3743 τυδς
894 3665 1082 3749 βελτίστους
1099 3667 1152 3732 καὶ
1167 3664 1283 3742 ἱκανῶς

246 3770 528 3854 πεπαιδευμένους
556 3770 682 3860 τέρπει,
713 3767 853 3854 μάλιστα
883 3772 920 3838 δέ
942 3769 1011 3860 ἥτις
1033 3771 1087 3839 ἕνα
1107 3768 1163 3839 τόν
1184 3770 1283 3862 οίρετῇ

245 3898 282 3940 τε
303 3873 357 3940 καί
378 3874 512 3961 παιδείᾳ
541 3871 736 3962 διαφέροντα
765 3874 829 3940 κτλ.
873 3874 1066 3942 Rectissime
1096 3880 1195 3961 igitur
1222 3898 1282 3941 nec

246 3989 360 4058 poetae
393 3998 453 4042 nec
491 3980 616 4041 musico
650 3979 831 4060 aequalium
862 3979 1015 4064 judicium
1058 3981 1282 4066 negligendum
