2916 4860
249 402 294 469 42

249 608 309 674 pro
331 593 513 676 proverbiis
536 594 567 657 in
582 611 675 658 usum
693 591 912 678 quotidianum
929 592 1080 659 conversi
1095 603 1170 659 suut
1184 593 1235 661 7ἰ.
1248 626 1294 641 -·

252 692 427 779 Cyclopem
463 694 617 761 Galateae
659 716 768 762 amore
808 698 995 782 ttagramem
1026 706 1155 760 veteres
1188 695 1293 760 Siculi

251 810 386 882 poetae,
409 799 542 880 Alexis,
566 799 763 866 Nicocbares
786 802 943 884 (bleinelt.
967 802 1039 865 bist.
1063 803 1131 864 crit.
1154 823 1186 883 p.
1197 802 1293 881 ¹254),

251 900 447 984 Posidippus
481 906 623 967 certatim
656 907 841 969 cecinerunt
877 903 931 983 (of.
966 901 1088 986 Gierig.
1122 902 1162 964 ad
1196 901 1292 965 Ouid.

252 1003 382 1068 Metam.
404 1004 495 1085 Xlll,
519 1008 615 1090 toan
642 990 876 1071 Hermesianax
899 1010 993 1069 etiam
1016 1005 1098 1068 idem
1121 1023 1292 1086 argumen-

161 1172 164 1177 .
252 1118 319 1173 turn
341 1110 482 1172 carmine
504 1111 652 1174 tractavit
664 1113 721 1193 ’Ἣ
750 1110 941 1192 exernplaris
964 1120 1071 1173 autem
1094 1108 1185 1190 loro,
1208 1127 1293 1192 quae

253 1210 350 1295 hujus
373 1213 517 1275 amatorii
548 1217 726 1296 argumenti
756 1215 909 1278 tractandi
938 1213 1031 1276 fuerit
1053 1215 1152 1296 ratio,
1183 1213 1293 1278 ,Theo-

254 1314 352 1377 critus
375 1313 504 1398 reliquit
526 1316 672 1401 idyllium
694 1317 916 1398 undecimum3
937 1315 1142 1381 Theocritum
1154 1314 1294 1381 Ovidius

253 1417 394 1480 imitatus
417 1427 466 1479 est
487 1416 579 1495 (Met.
602 1417 693 1500 Xlll,
717 1440 747 1480 v.
771 1419 835 1481 755
857 1426 931 1501 squ.
964 1416 1155 1483 Philoxeuei
1178 1421 1293 1482 carmi·

253 1518 306 1581 nis
328 1518 541 1600 scholiastae,
562 1520 617 1584 ubi
640 1519 681 1583 de
702 1518 863 1583 Theocriti
885 1519 997 1603 idyllio
1019 1531 1134 1603 agunt,
1157 1520 1293 1584 mentio·

254 1643 327 1687 nem
360 1624 496 1706 faciunt,
531 1634 625 1708 atque
655 1625 716 1687 etsi
746 1623 910 1706 proprium
937 1623 1131 1689 inventionis
1163 1623 1295 1686 laudem
1389 1662 1392 1667 -
1434 1630 1435 1667 i

255 1725 368 1791 Siculo
391 1738 506 1811 poetae
530 1747 594 1791 non
616 1727 817 1811 denegarim,
845 1727 955 1810 negari
986 1745 1051 1791 non
1074 1737 1199 1809 potest,
1231 1744 1295 1791 non

255 1839 320 1893 tam
341 1829 376 1892 in
397 1830 534 1912 singulis
549 1830 689 1892 fortasse
711 1827 810 1890 multa
826 1826 998 1895 Theocrito
1020 1831 1200 1895 communia
1222 1848 1295 1895 cum

257 1933 409 2019 Cytherio
431 1935 550 2015 luisse,
573 1953 669 2018 quam
691 1932 723 1994 id
746 1931 833 2014 quod
847 1950 1005 1997 summum
1020 1944 1088 1997 erat
1105 1945 1137 1997 et
1155 1932 1295 1997 medium

255 2039 349 2120 quasi
373 2038 405 2100 in
428 2036 588 2118 carmine,
612 2049 644 2098 et
666 2052 731 2117 quo
753 2035 859 2097 omnia
876 2035 1062 2118 tendebam,
1086 2035 1294 2100 Theocritum

256 2137 477 2203 aPhiloxeno
500 2139 632 2221 petiisse
663 2147 758 2221 atque
787 2138 834 2200 rei
863 2140 1048 2207 tractandae
1077 2141 1232 2205 rationem
1253 2139 1294 2203 ad

255 2242 345 2308 illius
367 2243 548 2331 exemplum
571 2244 790 2311 conformasse
803 2245 853 2320 Π).
896 2241 980 2305 Nam
1010 2243 1064 2306 ubi
1086 2261 1124 2306 ea
1147 2241 1295 2327 quaeda

256 2345 427 2419 Philoxeni
457 2349 609 2411 carminis
638 2357 825 2430 argumento
855 2349 1028 2413 momoriae
1057 2347 1181 2428 prodita
1211 2356 1295 2428 suut,

258 2470 331 2514 cum
352 2450 466 2535 idyllio
478 2450 670 2514 Theocriteo
684 2452 939 2532 comparaveris,
962 2453 1118 2514 maximus
1132 2462 1294 2531 poetarum

258 2558 291 2621 in
325 2575 449 2622 summa
484 2576 518 2619 re
552 2573 731 2619 consensus
764 2553 851 2617 haud
884 2565 915 2616 te
945 2555 1053 2636 lugiet.
1105 2551 1295 2619 Plutarchus

259 2658 345 2723 enirn
378 2665 518 2740 (quaest.
547 2677 649 2741 symp.
673 2655 701 2739 l,
731 2660 767 2733 5)
801 2656 842 2721 de
873 2656 1041 2721 Philoxeni
1072 2654 1217 2739 Cyclope
1251 2656 1295 2719 ita

258 2761 340 2844 agit:
369 2753 433 2824 Tdr
454 2752 622 2826 Κύκλωπα
644 2752 794 2835 Μούσαις
818 2752 976 2849 etpumia
997 2756 1117 2827 ἰᾶσθαί.
1137 2783 1221 2849 φησι
1240 2756 1296 2826 cdv

259 2856 366 2950 ἔρωτα
390 2854 577 2944 Φιλόξενος,
601 2875 631 2928 et
654 2867 737 2948 apud
761 2865 968 2930 scholiastam
991 2866 1033 2929 ad
1055 2864 1215 2930 Theocrit
1238 2864 1294 2946 xl,

261 2973 277 3036 1
307 2968 388 3034 haec
417 2970 579 3054 leguntur:
616 2962 787 3053 Φιλόξενος
816 2963 980 3038 ποιεῖ·τύκ
1002 2959 1169 3033 Κύκλωπα
1190 2988 1295 3054 παρα-

259 3062 470 3153 μυθούμενοι
501 3068 615 3139 ἑαυτὸν
648 3072 702 3141 ἐπὶ
734 3078 780 3159 τῷ
811 3077 870 3163 τῆς
902 3071 1081 3148 Γαλατείας
1114 3069 1211 3161 ἔρωτι
1242 3071 1297 3137 καὶ

260 3168 481 3259 ἐντελλόμενοι
502 3182 570 3254 τοῖς
593 3172 753 3268 δελφῖσιν,
776 3175 868 3255 ὅπως
884 3171 1068 3263 οἷγγεύλωσιν
1087 3169 1185 3262 αὐτῇ,
1206 3171 1296 3250 ὅπως

260 3284 331 3356 ταῖς
352 3272 504 3356 Μούσαις
525 3278 581 3347 cdv
603 3278 710 3369 ἔρωτα
731 3277 869 3362 οἰκεῖται,
892 3301 976 3364 qtrae
994 3281 1053 3343 ubi
1070 3293 1172 3345 metro
1192 3278 1295 3342 inclu-

261 3387 362 3463 seris,
385 3383 520 3449 habebis
542 3384 723 3449 'Pheocritei
746 3385 849 3470 idyllii
871 3386 1055 3468 exordium,
1086 3404 1150 3469 quo
1173 3403 1295 3448 summa

261 3491 307 3556 rei
335 3489 520 3553 tractandae
543 3491 737 3553 continetur:

348 3585 453 3658 oieb
472 3584 546 3658 ποτ’
572 3588 628 3658 τὸν
650 3587 756 3679 ἔρωτα
777 3589 924 3681 πέφυκεν
944 3584 1118 3679 φάρμακον
1140 3588 1219 3659 ἄλλο

339 3691 385 3763 ’Ἠ
403 3696 457 3763 ταλ
478 3695 645 3783 Πιερίδες·
667 3699 791 3787 κοῦφοι
813 3696 849 3763 δέ
871 3720 903 3761 ιι
922 3698 1020 3762 τούτο
1041 3695 1094 3762 καλ
1116 3684 1178 3762 ἁδύ

352 3805 380 3866 Γ
378 3794 451 3868 lrar'
473 3799 505 3866 ἐκ
527 3794 719 3888 ἀνθρώποις
740 3801 806 3867 κτλ.
830 3839 872 3851 -

348 3906 502 3988 Proprius
520 3916 625 3967 autom
642 3917 877 3991 (praeterquam
893 3907 978 3989 quod
995 3906 1076 3970 aliae
1092 3907 1185 3969 etiam
1206 3925 1295 3989 proc·

262 4019 312 4090 ter
334 4007 488 4073 Galateae
511 4025 651 4069 amorem
674 4007 714 4073 de
736 4007 936 4094 Polyphemo
964 4010 1070 4072 famae
1097 4008 1298 4092 dithyrambo
