2916 4860
1167 424 1238 489 ol,

174 607 280 681 germ,
313 610 332 665 e
360 599 477 684 quiem
500 598 704 667 Homericam
733 596 873 667 fabulam
901 617 920 660 a
943 595 1122 665 Philoxeno
1145 615 1209 661 non

175 710 324 767 mutatam
338 720 415 769 esse
430 701 507 766 milri
525 701 653 786 quidem
671 701 746 766 luce
761 701 882 766 clarius
897 718 1053 784 apparere
1072 700 1209 783 videtur.

174 802 257 871 Nem
279 805 358 890 quid
376 807 494 871 orihue
515 806 660 873 mactatis
683 806 730 868 rei
753 814 804 870 est
824 823 896 866 cum
910 802 1071 886 nymphae
1092 806 1209 869 amori·

176 906 260 973 ltus?
278 908 445 977 ‹Difficilis
468 919 573 974 autern
596 909 744 993 quaestio
766 918 831 989 est,
853 925 918 992 quo
941 909 1078 973 consilio
1100 907 1209 975 fabula

174 1009 215 1073 de
239 1009 337 1077 Ulixe
366 1013 400 1077 in
434 1025 525 1079 antro
559 1009 712 1096 Cyclopis
744 1010 870 1077 incluso
903 1000 946 1073 et*
962 1010 1005 1073 de
1034 1023 1209 1083 orcoeeate

173 1111 372 1199 Polyphemo
393 1125 488 1198 poeta
508 1135 589 1180 usus
612 1117 663 1178 sit.
700 1116 806 1200 Atque
822 1134 919 1181 unum
934 1113 1031 1197 illud,
1053 1117 1208 1200 quohoni
1281 1153 1284 1157 .

174 1229 287 1299 poetae
308 1236 423 1283 ornnes
445 1218 601 1303 pcernatie
618 1227 727 1301 partes
748 1220 792 1282 ita
813 1217 1009 1303 conjungere
1024 1219 1151 1304 solent,
1173 1232 1212 1286 ut

175 1321 207 1387 in
240 1320 476 1392 continuatione
505 1321 665 1404 serieque.
684 1341 792 1387 rerum
820 1320 883 1385 alia
912 1332 942 1385 et
972 1322 1035 1386 alia
1064 1343 1147 1388 nexa
1174 1334 1210 1389 et

174 1442 287 1489 omnes
308 1424 449 1489 intense
471 1435 564 1507 aptae
592 1421 826 1507 colligataeque
848 1424 1028 1509 videantur,
1059 1427 1210 1510 equidem

175 1527 207 1591 in
230 1526 399 1593 Philoxeni
422 1527 624 1613 dithyramho
650 1546 714 1599 non
735 1528 880 1611 repen'o,
909 1530 972 1593 nisi
1001 1529 1083 1594 forte
1111 1543 1208 1613 poeta

171 1629 234 1695 hoc
256 1632 393 1697 maxime
412 1631 583 1699 eonsilium
605 1642 737 1697 secutus
760 1642 827 1715 est,
857 1644 892 1696 ut
913 1635 1027 1699 rudem
1049 1647 1081 1699 et
1101 1637 1208 1701 illibe-

171 1732 271 1797 nalem
283 1731 436 1817 Cyclopis
449 1734 588 1801 animum
603 1751 623 1796 a
641 1732 769 1799 duabus
785 1735 927 1816 partibus
942 1751 1207 1825 repraesentaret,

170 1836 346 1919 mitigatum
367 1857 426 1921 per
448 1854 588 1905 autorem
608 1836 808 1919 eundemque
827 1836 896 1901 dira
915 1840 1111 1925 immanitate
1132 1862 1206 1907 see·

170 1942 309 2005 trientem
329 1942 364 2004 in
387 1941 564 2024 hospitem,
597 1942 641 2005 ita
668 1951 703 2004 ut
727 1959 767 2004 eo
789 1943 912 2027 magis,
941 1964 1036 2032 quarn
1067 1945 1207 2011 alienum
1319 1938 1327 1959 ⁴

172 2043 214 2109 ab
235 2042 428 2119 humanitate
451 2047 610 2128 animique
624 2045 754 2109 lenitate
770 2055 944 2111 monstrum
968 2059 1073 2132 esset,
1096 2069 1207 2114 econ«

173 2147 268 2212 trario
291 2147 441 2211 eluceret
473 2147 519 2211 At
533 2147 670 2243 luctasse
687 2164 804 2217 vanum
819 2159 885 2231 est,
908 2154 1026 2217 arctius
1042 2155 1208 2240 utriusque

176 2251 224 2315 rei
250 2251 413 2315 vinculum
442 2271 613 2337 quaerere,
647 2261 743 2336 atque
772 2254 919 2337 equidem
948 2259 1076 2341 nescio,
1109 2279 1150 2323 an
1173 2262 1207 2324 iu

177 2352 317 2439 Cyclope
333 2358 436 2421 minus
450 2366 549 2420 artem
565 2356 597 2419 in
614 2356 765 2421 universa
784 2358 1017 2440 compositione
1032 2362 1206 2428 adhibitam

175 2467 299 2523 veteres
322 2459 468 2523 admirati
490 2461 570 2541 sint,
593 2479 688 2543 quam
711 2458 807 2523 facile
829 2481 952 2545 perque
970 2466 1061 2529 varia
1083 2478 1113 2529 et
1126 2487 1206 2532 cone

115 2605 117 2610 -
172 2564 268 2626 traria
285 2582 466 2647 pervagans
483 2573 597 2646 poetae
612 2562 792 2646 ingenium,
814 2576 846 2654 et
861 2568 1090 2650 cogitationum
1105 2592 1207 2656 quau·

173 2664 432 2733 dam-luxuriam
462 2678 559 2751 atque
589 2663 794 2746 effosionem,
828 2686 890 2750 qua
921 2681 1013 2751 poeta
1043 2673 1107 2738 huc
1128 2676 1206 2740 illuc

171 2768 297 2833 delatus
319 2772 479 2853 speciosis
502 2771 730 2835 sententiarum
752 2779 785 2831 et
806 2772 976 2838 verborum
999 2777 1133 2844 floribus
1154 2801 1205 2844 re·

172 2894 241 2938 rurn
264 2876 383 2941 levitati
406 2876 526 2960 aliquid
549 2873 728 2957 splendoris
751 2873 916 2939 addidisse
938 2878 1071 2944 videtur.
1096 2918 1136 2931 -

258 2978 396 3045 Omnino
418 2981 513 3044 velim
537 2998 674 3058 careas,
696 2997 737 3039 oe
760 2979 814 3042 toti
837 2977 912 3042 huic
934 2982 1204 3067 dithyramborum

170 3085 297 3166 generi,
327 3083 367 3148 de
390 3103 454 3167 quo
477 3086 597 3169 agitur,
629 3082 759 3145 nimium
788 3082 927 3166 tribuas3
956 3104 1028 3149 uam
1050 3087 1095 3179 ite
1117 3108 1204 3152 com·

171 3198 314 3269 paratum
337 3188 440 3253 fuisse
464 3190 604 3271 uidetur,
636 3198 670 3251 ut
698 3188 730 3250 in
758 3187 881 3251 aurium
905 3201 937 3250 et
958 3190 1126 3255 oculorum
1148 3193 1204 3255 de·

170 3290 342 3357 lectatione
364 3297 470 3358 omnia
492 3295 560 3361 fere
589 3297 692 3377 posita
717 3301 843 3377 essent,
864 3293 1046 3376 ,magisque
1074 3305 1204 3359 externa

170 3397 279 3477 specie
302 3407 333 3459 et
347 3407 507 3481 apparatu.
518 3398 687 3479 magnifico
704 3395 928 3481 splenderent,
950 3417 1046 3480 quarn
1061 3398 1204 3465 bonitate

170 3510 201 3560 et
223 3498 378 3582 dignitate
399 3499 706 3587 commendarentur.
750 3497 865 3584 Neque
892 3501 1043 3584 equidem
1064 3515 1203 3585 auctam,

169 3601 227 3665 sed
250 3612 440 3684 corruptum,
453 3621 491 3665 eo
514 3622 589 3667 esse
610 3613 709 3669 artem
732 3611 854 3684 stetu03
874 3592 954 3666 nihil
975 3604 1010 3668 in
1031 3608 1202 3689 comagni

170 3706 248 3769 nihil
270 3706 393 3790 grande
415 3717 447 3768 et
468 3726 584 3790 grave3
608 3705 668 3768 sed
691 3726 733 3770 ex
754 3704 874 3787 duplici
896 3716 928 3769 et
949 3705 1070 3790 lyricae
1092 3709 1204 3789 poesis

169 3820 200 3871 et
221 3811 362 3893 tragicae
385 3812 461 3874 artis
485 3809 652 3894 naufragio
683 3810 745 3873 hoc
766 3830 883 3875 novum
905 3830 1007 3894 genus
1028 3813 1071 3876 ita
1095 3824 1203 3877 natum

169 3925 235 3997 est,
265 3926 299 3979 ut
318 3915 398 3979 nihil
427 3917 493 3980 iere
522 3926 649 3999 praeter
670 3919 778 3982 ruinae
808 3916 962 3998 pristinae
983 3918 1149 4000 &evitatis
1171 3928 1203 3980 et

169 4018 396 4103 magnitudinis
418 4023 587 4103 excepisse
610 4021 766 4086 uideatur.

940 4127 995 4190 4*
