2916 4860
243 438 286 505 36

243 610 330 693 quod
353 611 471 674 uobis
494 626 622 674 carmen
646 626 709 691 non
736 605 905 688 probatur,
935 605 1009 671 inde
1041 605 1282 689 consequitur,

243 724 275 774 ut
303 733 319 774 a
345 711 498 796 Cytheris
525 712 703 795 profectum
735 712 767 775 id
797 729 1076 796 esse‘negemus3
1110 731 1184 777 nam
1205 710 1280 775 Phi·

243 816 526 899 loxeniaequales
549 817 677 899 quidem
699 815 838 878 maximo
861 835 932 879 oum
951 814 1067 898 plausu
1087 813 1281 877 Convivium

242 933 436 1002 exceperunt
459 939 563 1004 eoque
586 922 657 1002 ipso
680 919 821 1003 professi
845 927 935 1000 sunt,
958 939 996 982 se
1017 918 1136 982 illustri
1153 918 1281 980 nomine
1328 986 1333 991 1

242 1041 306 1085 non
329 1023 492 1105 indignum
515 1042 630 1106 poema
653 1024 816 1087 habuisse.
862 1022 897 1086 ln
918 1021 1006 1106 vulgi
1037 1032 1142 1086 autem
1163 1020 1281 1103 plausu

243 1136 275 1187 et
298 1128 488 1190 assensione
512 1128 616 1211 magis
646 1146 741 1210 quam
770 1128 804 1189 in
826 1126 997 1189 virtutibus
1026 1134 1281 1208 tumpoetarum

242 1227 313 1293 laus
348 1243 396 1293 et'
411 1231 514 1314 gloria
544 1234 649 1314 posita
678 1243 753 1296 erat.
800 1228 935 1295 Accedit
964 1227 1064 1295 altera
1094 1246 1164 1306 res,
1197 1244 1282 1309 quae

242 1330 434 1396 Convivium
447 1333 599 1418 Cytherio
621 1335 715 1398 tribui
733 1335 837 1419 jultet.
869 1334 952 1398 Nam
971 1332 1129 1416 tingamus
1151 1349 1280 1394 cannen

242 1435 282 1498 ab
304 1435 433 1498 homine
456 1436 563 1520 aliquo
586 1439 617 1498 in
642 1437 741 1499 literis
766 1436 931 1500 levissimo
960 1445 991 1497 et
1012 1433 1152 1496 obscuro
1175 1449 1281 1515 neque

241 1545 297 1598 aut
319 1539 506 1600 auctoritate
535 1548 591 1600 aut
613 1540 740 1600 nomine
767 1538 882 1600 illustri
905 1539 1024 1600 misere
1045 1536 1147 1599 fuisse
1169 1534 1281 1598 condi-

241 1651 324 1718 tum,
350 1640 404 1721 qni
427 1639 544 1702 farctum
568 1659 643 1702 esee
664 1652 828 1723 putemus,
851 1650 886 1704 ut
907 1650 1032 1716 tantum,
1050 1640 1202 1721 excitaret
1225 1656 1279 1701 co·

240 1743 394 1804 micorum
418 1742 557 1806 studium
580 1753 611 1805 et
634 1761 840 1826 corrumpere
862 1748 964 1821 atr-tem
979 1743 1138 1825 poeticam
1153 1740 1280 1805 videre·

241 1843 315 1906 tur?
339 1844 493 1908 ‘Scilicet
526 1849 685 1925 comicos,
726 1845 849 1928 quibus
876 1846 964 1909 vitiis
998 1855 1087 1908 aetas
1119 1843 1280 1907 laboraret

243 1949 600 2029 reete-perspicientes,
623 1965 688 2009 non
711 1958 772 2010 tam
796 1949 907 2028 parvis
928 1946 1030 2012 luisse
1046 1948 1160 2010 animis
1176 1946 1280 2010 credi-

242 2051 359 2130 derim,
383 2060 416 2112 ut
438 2052 470 2111 in
495 2050 693 2114 levissimum
715 2069 874 2134 quemque
896 2060 984 2114 tanto
1006 2053 1124 2134 impetu
1147 2049 1278 2114 invelie-

241 2165 367 2233 rentur3
390 2154 453 2214 imo
477 2173 576 2235 quum
597 2155 628 2216 id
650 2167 798 2236 agerem,
824 2165 856 2215 ut
871 2154 1078 2236 pristinorum
1102 2163 1278 2234 temporum

241 2256 454 2335 integritatem
477 2269 684 2338 posterorum
714 2275 887 2338 perversae
909 2255 1107 2321 inclinationi
1136 2274 1278 2338 oppone·

242 2371 328 2441 rent,
351 2378 410 2422 eos
432 2363 569 2423 maxime
593 2361 737 2424 homines
760 2379 880 2443 easque
893 2380 946 2422 res
969 2359 1091 2422 aculeis
1113 2361 1183 2422 suis
1207 2378 1281 2441 per·

242 2464 344 2523 secuti
374 2474 465 2543 sunt,
498 2463 530 2524 in
561 2464 679 2545 quilius
708 2463 831 2525 saeculi
865 2463 1029 2545 ingenium
1063 2471 1211 2545 tanquam
1246 2463 1279 2524 in

242 2564 375 2644 speculo
398 2573 590 2629 cerneretur.
624 2564 780 2647 Denique.
794 2562 917 2646 gloriae
939 2563 1029 2648 ejus,
1052 2583 1135 2647 quae
1150 2583 1279 2629 cannen

243 2666 372 2749 aliquod
395 2669 554 2749 sequitur,
578 2667 696 2750 aliquid
716 2682 802 2731 certe
825 2668 864 2730 ad
881 2679 1043 2732 auctorem
1060 2670 1165 2731 redire
1181 2669 1278 2732 solet:

241 2783 369 2848 poetam
400 2780 505 2832 autem
528 2769 724 2834 Leucadium
755 2773 843 2835 illum
874 2772 1041 2859 helnonem
1069 2774 1171 2838 fuisse
1205 2776 1278 2859 quis

243 2889 381 2954 unquam
404 2871 549 2934 audirit‘l
583 2873 677 2956 cujus
701 2893 815 2937 nomeu
839 2876 1032 2940 obscuritate
1055 2878 1279 2961 dignissimum

242 2974 370 3035 normisi
393 2994 451 3055 per
473 2976 726 3040 narratiunculas
748 2978 904 3060 quasdam
926 2991 1127 3061 posterorum
1142 2982 1278 3046 oblivio·

239 3100 315 3169 nem
330 3061 419 3163 fugit.
454 3079 545 3161 Quae
568 3102 665 3165 quum
692 3085 732 3146 ita
754 3084 834 3166 sint,
858 3085 934 3167 quin
946 3083 1116 3169 Cytherius
1129 3082 1278 3151 Convirii

243 3192 356 3245 auctor
380 3185 421 3245 sit
451 3201 515 3246 non
545 3183 720 3254 dubitor).
766 3185 952 3250 Athenaeus
981 3198 1016 3250 nt
1045 3189 1093 3251 de¹
1117 3188 1279 3252 leucadio

243 3288 407 3369 cogitaret,
430 3288 541 3349 eadem
557 3308 610 3350 res
628 3280 743 3368 effecit,
766 3310 849 3372 quae
869 3292 901 3352 iu
920 3291 1279 3377 dithyramhograplrum

243 3389 425 3471 gulositatis
449 3390 563 3453 lainam
587 3391 738 3454 contulit:
752 3393 791 3468 ⁷¹)
815 3394 962 3456 nimirum
981 3394 1096 3459 festiva
1112 3396 1279 3478 epularum

243 3492 417 3574 descriptio
452 3494 570 3556 nemini
604 3495 726 3577 magis,
772 3513 866 3577 quam
901 3495 1060 3579 helluoni,
1105 3499 1280 3562 convenire

244 3597 422 3660 videbatur.

330 3700 467 3765 Omnino
497 3702 591 3766 aliter
620 3715 714 3786 atque
737 3703 877 3770 Ulricius
906 3703 946 3765 de
969 3701 1118 3767 Convivii
1147 3715 1279 3767 auctore

244 3805 352 3865 statuit
375 3804 526 3887 Berglein
556 3826 586 3887 p.
617 3800 667 3870 68
689 3826 737 3889 sq.
782 3808 813 3871 ls
840 3808 924 3869 enim
953 3817 1074 3869 tantem
1103 3808 1212 3890 abest,
1246 3819 1280 3871 ut

245 3905 397 3989 Cytherio
420 3905 612 3970 Contivium
642 3907 792 3971 addicere
822 3908 958 3990 dubitet,
991 3919 1024 3972 ut
1055 3926 1100 3972 ne
1126 3910 1281 3974 concedet
1347 3936 1350 3941 ·

245 4008 372 4091 quidem
401 4007 600 4070 Athenaeum
635 4008 676 4072 de
706 4027 744 4072 ea
774 4030 809 4073 re
838 4010 1013 4076 dubitasse.
1057 4009 1155 4077 Teste
1172 4013 1281 4077 untur
