2916 4860
1240 440 1263 505 Ἰ

222 608 328 674 sionis
350 606 490 693 fregisse
520 625 560 673 ae
587 615 701 691 postea
722 605 890 691 effecisse,
919 616 955 673 ut
982 607 1088 673 insula
1114 609 1262 676 hostibus

222 712 404 778 dederetur.
449 710 521 779 Fuit
541 713 655 777 nescio
678 710 771 796 quid,
794 710 881 795 quud
903 708 1127 797 cymeriorum
1147 712 1262 781 valum·

222 827 319 882 tatem
349 836 369 881 a
391 817 623 901 Spartanorum
653 815 758 881 salute
786 815 991 881 abalienaret.
1034 813 1119 879 Nam
1141 825 1172 879 et
1193 825 1262 881 tum

223 922 307 988 mala
336 924 398 987 fuit
425 941 535 987 eurum
564 923 660 1003 fides,
693 929 726 985 et
754 933 867 1004 pastea
889 918 1003 985 Siculo
1033 919 1121 987 bellu
1148 930 1262 985 exorta

223 1024 366 1111 Cytherii
390 1026 431 1090 ab
442 1024 695 1093 Atheniensibus
715 1033 839 1088 stantes
856 1022 1264 1109 aduersusSyraeusancs,

224 1150 308 1215 quas
318 1130 566 1196 Lacedaemonii
578 1130 787 1214 adjuvabant,
810 1147 896 1193 arma
912 1126 1261 1211 tuleruntt'l'huchl,

222 1236 289 1313 57).
332 1233 453 1299 Nescio
475 1253 517 1299 an
540 1245 572 1300 et
592 1232 718 1300 insulae
740 1237 822 1300 situs
849 1239 883 1293 et
902 1236 1083 1293 mercatura
1104 1247 1260 1293 cammer-

221 1338 388 1420 ciumque,
418 1339 505 1422 quud
528 1334 699 1424 Cytherius
726 1350 801 1396 cum
829 1332 948 1394 exteris
978 1329 1094 1408 (Thac.
1117 1329 1172 1413 lV,
1201 1323 1260 1397 53)

221 1437 297 1503 inde
319 1438 360 1503 ab
390 1439 621 1523 antiquissimis
642 1436 841 1519 temporibus
868 1445 991 1500 constat
1012 1436 1198 1519 miscuisse,
1226 1434 1260 1500 id

221 1540 380 1624 effecerit,
414 1554 465 1623 ut,
496 1561 593 1627 quum
622 1551 655 1604 et
683 1542 745 1624 ipsi
774 1558 910 1624 peregre
931 1539 1056 1604 abirent
1077 1551 1109 1605 et
1130 1551 1259 1606 exterus

221 1646 308 1726 apud
324 1663 362 1708 se
381 1646 579 1727 exciperem,
600 1641 771 1707 mobiliora
789 1641 920 1725 ingenia
938 1650 971 1706 et
987 1659 1145 1706 novarum
1154 1662 1259 1707 rerum

218 1747 417 1811 studiosiura
436 1747 566 1828 fierent,
588 1744 779 1830 faciliusque
800 1746 841 1809 iis
862 1746 978 1829 rebus,
999 1747 1117 1830 quibus
1133 1758 1260 1813 ceteras

222 1846 380 1913 Graeciae
409 1848 555 1912 hemines
585 1848 725 1929 moveri,
759 1847 933 1931 vidissent,
966 1859 1000 1913 et
1026 1850 1089 1933 ipsi
1118 1852 1259 1915 eoncita-

220 1963 339 2016 rentur.
362 1987 406 2001 --

307 2056 530 2143 Expugnatam
565 2054 705 2120 iumrlam
736 2053 955 2120 Athenienses
994 2054 1118 2140 aliquot
1155 2074 1260 2121 annus

218 2163 393 2225 conannas
415 2160 622 2224 0htinuerunt
627 2180 639 2243 3
673 2176 713 2222 ea
741 2158 870 2223 demum
899 2178 997 2243 pace,
1031 2178 1116 2244 quae
1142 2178 1172 2223 a.
1192 2162 1256 2226 421

102 2342 105 2347 4
217 2262 400 2347 composita
422 2283 441 2327 a
462 2263 557 2328 Nicia
577 2264 817 2345 denominatur,
848 2261 1018 2346 Spartanis
1043 2264 1146 2328 multa
1174 2264 1259 2328 mala

219 2386 262 2430 ex
292 2368 459 2450 occupatis
488 2365 638 2453 Cytheris
666 2368 815 2451 perpesis
842 2366 966 2431 reddita
994 2376 1046 2432 est
1076 2366 1194 2444 (Thac.
1217 2366 1258 2453 V,

220 2459 303 2547 18).'
337 2469 408 2552 Qua
440 2473 565 2536 ratione
592 2470 839 2536 Lacedaemonii
868 2473 902 2536 in
931 2470 1102 2559 Cytherius
1133 2474 1260 2558 egerim
1399 2488 1402 2493 ’

218 2575 424 2658 ignoramus3
457 2577 535 2660 quid
557 2595 636 2640 vere
665 2578 772 2645 minus
801 2577 931 2658 mirum,
961 2594 1057 2660 quam
1078 2576 1111 2641 in
1132 2576 1258 2641 incolae

218 2689 433 2763 reoccupatae
454 2680 581 2745 insulae
602 2688 738 2764 propter·
759 2691 877 2744 terram
906 2690 961 2743 aut
986 2678 1071 2743 male
1092 2679 1258 2745 defensam

219 2791 275 2844 aut
302 2783 459 2865 preditam
488 2792 520 2846 et
545 2783 662 2868 culpae
691 2781 899 2846 ulciscendae
928 2791 959 2845 et
986 2781 1121 2846 aliorum
1143 2785 1257 2867 appari

219 2882 361 2948 facinore
388 2885 670 2951 absterreudcrum
700 2906 800 2952 causa
828 2906 954 2952 summa
983 2907 1057 2952 eum
1085 2889 1257 2953 severitate

218 2995 323 3049 aetum
346 2987 446 3050 esset
490 2987 534 3051 lta
557 2992 677 3071 optime
701 3009 755 3053 res
778 2990 923 3072 expediri
944 3008 1044 3073 posse
1066 2989 1255 3055 mihivide·

215 3096 277 3151 tur.
327 3088 417 3154 Nihil
444 3091 651 3175 impedirem,
684 3093 715 3156 ei
747 3090 820 3176 quis
852 3111 873 3155 a
901 3090 960 3155 Th.
990 3090 1134 3177 Bergkic
1166 3102 1254 3158 sture

213 3193 339 3275 mallet,
368 3196 425 3278 qui
453 3193 641 3271 (Jenaische
662 3197 756 3262 Neue
777 3196 864 3281 alig.
886 3194 947 3259 Lit.
972 3191 1042 3280 Ztg.
1065 3195 1116 3261 ΙΙΙ.
1140 3195 1252 3283 Jahrg.
1361 3198 1366 3207 ’

213 3316 248 3379 p.
272 3297 370 3373 1208)
393 3316 451 3361 eus
468 3297 657 3384 Cytherius,
680 3299 736 3383 qui
756 3308 900 3382 tempure
923 3299 1133 3382 expeditionis
1144 3301 1253 3366 Nicia.

214 3418 277 3462 nae
299 3399 436 3483 Spartae
457 3401 614 3485 fuissent,
641 3412 774 3487 propter
796 3401 1019 3489 Cytheriorum
1040 3404 1253 3470 deiectionem
1358 3439 1363 3452 ·

214 3521 233 3565 a
257 3501 426 3585 Spartanis
454 3504 516 3567 sub
545 3522 668 3569 curcua
688 3506 832 3570 veniisse
860 3515 986 3589 censet,
1015 3506 1131 3590 modu,
1165 3508 1252 3591 quud

211 3607 285 3687 ipse
306 3606 403 3670 malle
423 3607 567 3689 videtur,
590 3606 813 3693 Cythericrum
835 3628 953 3674 numen
975 3629 1036 3693 pro
1051 3612 1182 3675 nemine
1201 3614 1251 3678 in·

211 3708 305 3774 sulae
321 3710 482 3794 legeretur
495 3710 601 3792 (Suid.
618 3704 727 3793 Φιλόξ.
742 3748 784 3761 -
801 3705 907 3789 Οὗτος
925 3705 1251 3801 &commarcam

210 3814 277 3877 eliu
287 3806 455 3902 Κυθήρων
475 3806 542 3882 ὑπὸ
554 3814 819 3898 Λακεδαιμονίων
832 3816 924 3896 κτλ).
958 3816 1039 3882 Cum
1054 3819 1126 3883 aliis
1142 3821 1249 3906 gentis

211 3936 292 3982 snae
314 3918 497 3984 hominihus
518 3919 719 3987 Philoxenus
746 3942 877 4007 qrraque
899 3921 1090 3990 adulescens
1117 3924 1249 4011 (agebat

209 4024 298 4087 enim
331 4025 458 4089 circiter
490 4044 607 4092 annum
639 4039 787 4113 quartum
819 4028 994 4107 decimum)
1031 4027 1095 4093 suh
1127 4046 1247 4102 curcua
