2916 4860
1176 417 1215 479 41

181 609 256 652 num
280 592 405 655 animos
425 601 534 653 tenere
560 598 680 672 posset.
726 586 764 652 Et
793 591 916 655 severis
945 588 1073 673 quidem
1099 587 1218 671 judiei-

180 691 241 754 bus
263 692 392 774 proban·
413 693 544 755 omnino
567 692 686 774 nequit.
719 690 797 754 Tam
817 695 955 777 exiguae
969 693 1052 755 enim
1068 690 1218 753 carminis

181 794 312 859 virtutes
334 807 423 878 sunt,
447 805 566 858 utnon
589 793 731 876 mireris,
754 793 841 877 quod
864 815 882 856 a
906 796 1033 858 comico
1047 792 1103 856 illo
1126 782 1217 879 καινή

179 918 228 972 τις
249 889 436 984 ὀψαρτυσία
457 897 645 980 appelletur.
690 895 836 980 Namque
858 918 956 981 quum
982 898 1145 980 indignum
1169 907 1219 958 est

181 1011 292 1064 ventre
314 1001 355 1064 ad
370 1001 557 1064 canendum
578 1000 721 1081 incitari,
744 1012 808 1063 tum
831 1020 871 1065 en
894 1002 1000 1064 minus
1019 1022 1091 1064 eum
1107 1000 1217 1063 laudn-

180 1103 302 1185 bimus,
335 1106 390 1187 qui
419 1105 453 1166 in
482 1121 606 1183 rerum,
640 1121 722 1185 quas
744 1106 847 1186 canit,
880 1104 1022 1167 exilitate
1043 1114 1074 1167 et
1096 1103 1218 1166 vilitate

179 1208 223 1270 ita
246 1210 447 1292 acquiescat,
477 1217 512 1270 ut
541 1228 582 1270 ne
611 1207 824 1270 honestiorem
855 1208 983 1291 quidem
1005 1208 1046 1271 iis
1069 1206 1218 1270 conciliet

179 1313 320 1394 speciem
354 1325 407 1375 aut
442 1312 589 1376 decorem
623 1310 781 1393 quendum
816 1328 855 1374 ac
885 1309 1083 1373 nobilitatem
1113 1308 1218 1371 addat.

178 1414 260 1478 Nam
283 1416 411 1498 poetica
433 1427 635 1495 ornamenta,
658 1414 777 1497 quihus
792 1413 985 1495 amplificare
1004 1423 1036 1476 et
1057 1412 1218 1477 illustrare

178 1536 245 1581 rem
268 1519 457 1582 vilissimam
488 1530 583 1600 poeta
611 1515 673 1578 sihi
703 1517 796 1579 visus
819 1529 886 1597 est,
920 1515 1122 1597 speciosiora
1144 1523 1219 1576 suot

177 1632 274 1704 quam
307 1622 507 1704 pulchriora,
552 1636 656 1703 neque
689 1622 759 1703 ipsa
793 1623 840 1683 rei
875 1632 929 1683 aut
962 1630 1129 1684 venustate
1163 1628 1218 1682 aut

176 1724 386 1807 amplitudine
417 1737 512 1808 atque
546 1724 659 1788 divino
692 1725 831 1808 quodam
865 1728 1002 1808 impetu,
1041 1726 1099 1787 sed
1134 1724 1216 1787 salso

176 1829 287 1892 furtiue
309 1839 399 1910 nata,
423 1847 529 1912 eoque
551 1827 657 1890 levius
681 1829 805 1891 animos
827 1827 990 1911 alliciunt,
1023 1847 1088 1911 quo
1110 1829 1216 1891 minus

177 1933 223 1995 rei
246 1930 362 1994 levitas
385 1940 472 1994 tanto
502 1916 597 1992 animi
621 1941 708 1995 motu
736 1930 832 2013 digna
857 1934 971 2005 est'⁵).
1015 1930 1061 1995 lta
1083 1934 1116 1996 in
1138 1931 1215 1996 Phi·

176 2037 285 2099 loxeni
317 2033 477 2098 convivio
510 2035 595 2097 idem
630 2033 910 2116 reprehendimus,
951 2035 1036 2119 quod
1076 2036 1108 2098 iu
1151 2045 1216 2099 totu

178 2141 365 2220 posterioris
388 2136 578 2229 dithyremhi
609 2158 745 2220 genere:
778 2140 866 2222 qnod
895 2139 1067 2202 verborum
1090 2143 1216 2221 copiam

180 2260 245 2304 non
265 2262 369 2305 rerum
391 2244 485 2323 copia
508 2242 635 2324 genuit,
659 2241 717 2303 sed
741 2241 912 2303 uerborum
925 2240 1098 2324 splendor,
1121 2261 1217 2323 quem

179 2346 325 2409 traditum
346 2368 365 2410 a
387 2347 564 2430 majoribus
587 2332 970 2428 promtumparatumque
985 2344 1025 2407 ad
1042 2344 1217 2427 quemlihet

178 2467 271 2511 usum
293 2448 448 2513 hahuisse
468 2459 583 2532 poetas
605 2463 706 2528 prope
737 2445 875 2528 dixeris,
904 2447 944 2509 ad
974 2467 1027 2510 res
1057 2447 1161 2511 exiles
1184 2457 1217 2510 et

175 2551 405 2634 propemodum
434 2538 584 2635 indignas
611 2551 879 2634 translatus-est,
913 2553 984 2616 sine
1014 2550 1081 2616 ulla
1108 2570 1215 2614 rerum

175 2664 208 2716 et
243 2655 418 2725 verborum
455 2656 681 2719 consensione.
738 2657 790 2720 Ac
821 2656 1035 2720 Philoxenum
1076 2656 1216 2739 quidem,

91 2754 97 2769 ⁸
175 2759 323 2839 maturis
344 2758 519 2823 verborum
539 2758 675 2823 {loribus
687 2762 905 2844 consperserit
926 2762 1103 2824 orationem
1127 2761 1215 2825 eolu-

174 2857 329 2942 ribusque
349 2860 505 2942 pinxerit,
528 2879 591 2924 nee
607 2872 718 2946 tegere
742 2864 818 2925 vitia
839 2863 1009 2926 verborum
1032 2855 1215 2946 splendore,

175 2979 236 3023 nec
258 2979 342 3042 quae
363 2973 477 3025 natura
499 2963 595 3025 exilia
617 2974 709 3046 sunt,
732 2985 854 3049 augere
876 2985 915 3027 ea
938 2975 969 3027 et
991 2966 1215 3031 commendare

174 3064 331 3128 orationis
359 3063 434 3127 suco
463 3075 495 3127 ct
522 3066 683 3130 cincinnis
712 3069 823 3149 potuit.
868 3068 1081 3132 Verissimum
1109 3079 1214 3133 autem

175 3177 225 3229 est
239 3165 406 3231 Ciceronis
428 3167 526 3250 illud,
549 3168 628 3231 nihil
651 3190 725 3255 esse
748 3182 812 3233 tam
827 3169 1000 3252 furiosum,
1023 3191 1118 3255 quam
1142 3192 1214 3234 ver·

174 3269 287 3332 horum
322 3270 374 3333 rel
408 3272 600 3352 optimorum
631 3284 728 3358 atque
760 3277 1039 3340 ornatissimorum
1074 3280 1214 3342 sonitum

173 3377 319 3456 inanem,
343 3373 429 3437 nulla
451 3374 598 3457 subjecta
621 3380 843 3443 sententia—
866 3377 931 3444 Sed
955 3380 1037 3447 haec
1058 3380 1213 3446 hactenus

173 3477 213 3540 de
245 3477 414 3542 Convivia.
470 3477 612 3564 Cyclops
626 3481 666 3555 ⁷⁴)
707 3493 813 3544 autem
840 3478 921 3545 (sive
955 3482 1089 3547 Galatea
1125 3492 1212 3559 (narn

174 3594 342 3664 utrumque
382 3600 501 3645 nomen
541 3582 581 3645 ad
620 3582 704 3647 idem
746 3604 876 3647 carmen
909 3584 1111 3648 referendum
1146 3599 1193 3648 est
1200 3607 1212 3668 ;

172 3683 291 3747 Athen.
319 3685 350 3766 1,
384 3706 414 3767 p.
445 3688 467 3750 o
499 3687 602 3750 schol.
636 3687 676 3748 ad
710 3686 874 3769 Aristoph.
903 3686 987 3749 Plut.
1018 3688 1098 3761 290)
1131 3700 1213 3751 toste

171 3788 313 3852 Aeliano
343 3789 434 3866 (Van.
466 3789 655 3873 HistXll,
678 3792 735 3871 4⁴)
774 3790 1020 3873 pulcherrimum
1051 3791 1108 3855 l'uit
1137 3790 1213 3855 Phi·

171 3893 279 3956 loxeni
313 3912 443 3975 poema,
484 3895 721 3979 maximumque
759 3895 909 3979 plausum
948 3914 987 3956 ao
1026 3894 1212 3977 popularem

170 3995 331 4078 quendam
353 3996 496 4060 savorem
521 4008 722 4080 nactuscs13
751 4019 823 4063 nam
852 3999 974 4083 aliquot
1000 3999 1074 4082 ejus
1098 4021 1212 4065 versus
