2916 4860
225 434 267 500 lb

206 624 300 668 ‘num
323 605 364 668 ad
386 605 467 669 illud
495 617 622 688 tempus
644 602 819 685 pertineat,
849 599 935 684 quod
959 597 1097 684 Cythera
1127 597 1262 681 patriam

223 727 315 772 suam
338 707 511 792 aliquando
535 707 655 770 adiisse
671 716 816 770 narratur
830 706 880 784 ¹⁹).
918 702 1096 767 Posteriori
1118 713 1263 787 tempore

222 810 256 872 in
271 809 385 874 Asiam
406 813 560 873 minorem
582 808 722 893 trajecit,
744 808 799 872 uhi
821 826 1004 890 supremum
1028 807 1112 869 vitae
1134 816 1261 890 tempus

222 912 357 996 degisse
378 912 515 975 videtur.
559 912 623 993 lbi,
648 913 692 974 uti
715 931 774 994 per
795 920 893 975 totam
916 913 1013 976 vitam
1036 919 1259 988 consueverat,

222 1026 309 1079 certa
333 1016 411 1080 sede
433 1035 548 1079 carens
564 1036 620 1107 per
636 1016 862 1081 celeberrimas
882 1016 980 1079 urbes
996 1015 1170 1100 migrabat,
1193 1014 1262 1077 lite·

224 1138 331 1182 rarum
354 1120 533 1202 artiumque
554 1120 670 1202 sedes,
701 1130 796 1203 atque
825 1140 889 1184 non
920 1122 1069 1204 exiguam
1099 1106 1269 1193 hominum

224 1226 359 1309 gratiam
381 1224 443 1287 sihi
466 1225 651 1289 conciliavit
665 1226 724 1304 ²⁰),
755 1245 851 1308 quum
879 1234 910 1286 et
932 1242 1057 1287 morum
1078 1223 1263 1307 ingeniique
1306 1276 1311 1289 t

224 1327 363 1419 quadam
396 1328 548 1391 facilitate
561 1329 603 1399 ²¹)
637 1347 675 1391 ac
709 1327 835 1391 dicendi
867 1327 978 1408 lepore
1012 1325 1263 1407 facetiarumque

225 1430 332 1494 studio
345 1431 387 1506 ²²)
407 1431 683 1494 commendaretur
697 1431 863 1493 hominum
879 1429 1122 1507 consuetudini,
1146 1437 1177 1489 et
1192 1446 1262 1490 car-

224 1532 364 1596 minibus
385 1535 456 1596 suis
477 1533 664 1615 Asiaticos,
694 1546 855 1597 musarum
885 1543 1062 1613 amatores,
1094 1531 1264 1595 admodum

224 1634 415 1717 delectaret,
439 1645 473 1698 ut
490 1634 649 1717 Ephesios
672 1635 851 1720 hymenaeo
871 1645 956 1699 totos
978 1634 1018 1697 ad
1038 1653 1075 1697 se
1093 1634 1200 1716 rapuit
1209 1633 1264 1715 3³),
1352 1706 1354 1709 ¹

223 1738 448 1824 Colophonius
471 1740 614 1825 Cyclope
637 1761 696 1804 sao
720 1740 893 1804 delectavit
906 1740 956 1816 ²⁴).
980 1768 1021 1783 -ὑ

311 1844 432 1926 Ephesi
465 1847 696 1929 quinquaginta
730 1846 872 1927 quinque
906 1861 1008 1905 annos
1037 1850 1131 1909 natus
1162 1841 1263 1921 primu

224 1965 311 2010 annu
335 1946 535 2030 Olympiadis
557 1948 752 2011 centesimae
775 1954 819 2022 (a.
842 1947 908 2010 380
930 1964 958 2006 a.
982 1942 1056 2008 Chr.
1081 1951 1126 2021 n.)
1149 1959 1262 2024 supre-

227 2069 312 2113 mum
336 2050 419 2113 diam
443 2050 521 2114 obiit
542 2049 669 2129 (Marm.
692 2050 766 2115 Par.
790 2069 840 2132 ep.
865 2051 930 2129 70).
945 2040 995 2096 ’-

470 2394 551 2464 Dc
584 2397 693 2464 arse
727 2391 1011 2463 Philoxeni.

311 2566 463 2653 Magnam
479 2578 510 2629 ct
525 2568 611 2650 apud
627 2567 780 2651 aequales
803 2576 834 2628 et
856 2567 939 2650 apud
956 2578 1103 2650 posterus
1126 2567 1263 2650 gloriam

227 2671 398 2759 Cytherius
432 2682 463 2735 et
496 2672 689 2735 carminibus
720 2681 752 2734 et
780 2672 822 2734 de
850 2690 886 2733 re
908 2671 1031 2734 musica
1054 2671 1175 2734 meritis
1199 2668 1263 2731 sibi

223 2776 431 2856 comparavit.
465 2771 548 2837 Nam
569 2773 769 2856 Antiphanes
789 2777 936 2839 comicus
950 2774 990 2851 ²⁵)
1012 2776 1155 2836 omnium
1176 2771 1262 2835 illius

225 2879 338 2942 aetatis
359 2889 528 2962 poetarum
550 2879 647 2962 louge
669 2878 978 2960 praestantissimum
999 2876 1138 2959 aliisque
1159 2873 1263 2938 laudis

224 2982 341 3048 additis
364 3002 461 3046 verae
483 2985 626 3047 musicae
649 3002 784 3068 gnarum
807 3001 879 3053 cum
902 2981 997 3063 dioit3
1026 2980 1207 3044 Pausanias
1221 2978 1263 3052 ²⁸)

225 3097 332 3150 autem
354 3097 389 3150 ut
410 3085 592 3171 Polycratis
613 3085 865 3165 Anacreontem,
889 3083 1039 3161 Hieronis
1050 3082 1261 3167 Aeschylum,

223 3189 268 3252 ita
289 3188 503 3252 Philoxenum
527 3191 571 3269 ait
593 3187 740 3273 Dionysii
762 3170 949 3252 familiarem
971 3186 1090 3268 fuisse,
1118 3188 1162 3249 ita
1191 3185 1262 3270 qui·

224 3290 316 3372 dem,
340 3290 540 3372 othlonum,
563 3289 680 3372 quibus
702 3290 904 3373 adjungitur,
929 3293 1058 3353 nomina
1079 3288 1262 3353 testimonio

224 3393 318 3476 quasi
340 3393 420 3470 sint,
455 3411 519 3454 non
550 3391 657 3455 ultimo
680 3393 754 3456 loco
776 3393 998 3457 Philoxenum*
1012 3392 1153 3457 habitum
1176 3409 1260 3454 csse.

224 3493 299 3577 lpse
321 3503 425 3556 autem
447 3504 542 3576 poeta
566 3502 675 3577 (quom
698 3495 806 3561 λωτοῦ
828 3486 1020 3562 πιστότατον
1041 3492 1158 3582 ταμίην
1180 3493 1260 3557 Her-

223 3599 390 3665 mesianax
402 3599 443 3674 ²¹)
466 3598 557 3676 dicit)
579 3600 622 3662 ita
638 3601 701 3664 sibi
716 3599 935 3681 satisfecerat,
958 3610 993 3662 ut
1007 3600 1145 3663 instante
1160 3607 1262 3667 morte

218 3700 395 3786 jucundam
424 3701 487 3765 sihi
516 3722 591 3766 esse
621 3703 706 3765 vitae
735 3704 926 3785 praeteritae
956 3703 1140 3765 memoriam
1163 3699 1261 3784 profi·

225 3813 362 3887 teretur,
391 3825 488 3889 quum
516 3824 627 3870 omnes
649 3825 729 3870 suos
752 3805 971 3891 dithyrambos
991 3806 1035 3868 ad
1060 3805 1183 3870 virilem
1206 3823 1260 3867 ae-

215 3919 320 3973 tatem
343 3920 515 3993 provectos
538 3919 570 3973 et
592 3920 765 3974 coronatos
786 3908 920 3973 vidisset
931 3911 982 3991 ²⁸).
1027 3908 1138 3973 Gloria
1166 3910 1261 3973 etiam

223 4020 338 4094 poetae
352 4023 519 4095 superstes
534 4011 600 4077 suit.
623 4010 704 4079 Nam
718 4013 863 4078 Arcades
874 4013 1044 4080 Philoxeni
1058 4025 1091 4078 et
1102 4013 1260 4079 Timothei
