2916 4860
1185 421 1227 486 17

192 591 420 678 dityramhicac
440 591 588 657 orationi
621 609 717 674 pares
749 592 925 676 subjiceret
963 594 1154 676 sententias,
1193 596 1228 659 id

191 697 417 780 neglexerunt,
439 705 627 779 tantumque
646 695 773 779 aberat,
795 707 830 760 ut
850 712 870 760 e
893 696 990 760 rebus
1009 695 1229 762 effloresceret

192 810 223 863 et
244 800 440 863 redundaret
460 799 579 880 oratio,
602 809 636 861 ut
658 798 816 863 derebus
837 818 948 882 parum
971 809 1119 864 curantes
1140 799 1228 865 inani

191 903 434 987 magnificorum
456 901 628 967 verborum
650 903 756 967 souitu
780 901 923 984 gaudere
945 911 1060 983 poetae
1082 900 1228 965 videreu-

190 1018 244 1072 tur
254 993 305 1083 ⁸⁷).
349 1006 431 1072 Nam
458 1017 590 1090 poetae,
621 1006 676 1068 ubi
697 1007 832 1090 iugenio
862 1000 1027 1068 abundare
1053 1004 1228 1083 desierunt,

194 1111 234 1175 ad
260 1111 494 1175 simulationem
516 1106 748 1192 'confugientes
776 1126 871 1192 quam
897 1105 1050 1175 imitando
1073 1107 1229 1190 consequi

193 1224 339 1297 poterant
359 1212 552 1296 spernebant
570 1194 699 1276 laudem
721 1228 910 1295 summaque
930 1229 994 1295 cpe
1017 1211 1228 1292 enitebantur,

193 1327 228 1380 ut
248 1317 320 1381 siue
349 1314 540 1400 cujusquam
570 1313 777 1378 similitudine
804 1333 896 1378 suem
918 1314 1077 1399 quandam
1100 1314 1229 1379 dicendi

192 1420 328 1483 sormam
351 1419 554 1500 expressisse
573 1418 768 1482 viderentur.
784 1452 826 1467 -
848 1418 952 1500 Quum
968 1437 1046 1483 vero
1060 1418 1229 1484 sublimem

193 1521 322 1602 priscae
344 1538 454 1584 musae
483 1519 655 1586 elationem
684 1524 841 1607 consequi
867 1542 931 1588 non
954 1508 1103 1608 possent,
1133 1524 1229 1591 affec·

194 1631 277 1686 latos
300 1623 396 1687 animi
418 1632 525 1687 motus
555 1641 614 1705 pre
643 1643 685 1686 eo
708 1624 957 1708 substituebant,
990 1646 1072 1710 quos
1095 1640 1230 1697 necesse

194 1737 279 1809 erat,
304 1728 379 1809 quia
403 1736 494 1789 erant
515 1726 597 1808 ficti,
628 1727 660 1789 in
681 1725 820 1791 surorum
841 1726 1063 1811 insaniamque
1085 1730 1167 1791 verti
1180 1729 1230 1803 ³⁸).

194 1830 333 1895 Omnino
355 1831 412 1893 illa
435 1842 524 1893 aetas
546 1829 669 1915 lyricae
697 1830 790 1912 poesi
814 1829 943 1892 minime
965 1824 1103 1894 favebat.
1147 1829 1230 1894 Nam

194 1936 314 1998 nimiae
328 1933 490 2005 homiuum
505 1952 660 2013 novarum
673 1933 872 2015 voluptatum
885 1932 1050 2016 cupiditati
1065 1951 1231 2018 pravoque

179 2047 229 2103 ‚et
257 2055 411 2118 perverso
441 2035 564 2118 pulchri
593 2037 706 2103 sensui
736 2036 863 2101 nonnisi
891 2053 995 2101 nevae
1018 2046 1050 2099 et
1070 2036 1231 2102 inauditae

195 2161 249 2203 res
272 2140 528 2220 satisfaciebant,
551 2158 634 2223 quae
657 2159 775 2204 sensus
790 2140 884 2223 quasi
906 2138 1070 2209 titillarept
1091 2142 1230 2203 animos-

198 2259 262 2325 que
294 2241 457 2323 voluptate
489 2243 732 2323 permulcerent.
786 2244 896 2327 ltaque
929 2245 1089 2309 communi
1123 2243 1232 2306 studio

196 2362 309 2406 omnes
331 2343 419 2409 illius
448 2345 560 2408 aetatis
588 2355 706 2429 poetae
735 2345 830 2431 lyrici
858 2363 897 2409 eo
919 2345 1168 2427 contendebant,
1199 2354 1233 2410 ut

195 2458 394 2528 praesentem
413 2447 502 2531 vulgi
522 2448 671 2530 plausum
691 2450 827 2532 ferrent,
850 2469 949 2533 quare
967 2448 1006 2512 ad
1024 2450 1131 2512 emnia
1143 2468 1231 2514 com·

195 2551 366 2632 positionis
395 2550 526 2614 artificia
552 2551 797 2631 ¹descendebant
826 2562 922 2636 atque
944 2542 1025 2615 alter
1047 2552 1181 2615 alterum
1202 2562 1233 2614 et

194 2673 300 2716 rerum
323 2654 464 2717 novitate
487 2666 519 2719 et
541 2655 690 2719 affectato
704 2654 832 2735 poetico
848 2653 957 2717 lurore
973 2664 1005 2716 et
1017 2654 1233 2721 inauditorum

194 2757 424 2821 vocabulorum
457 2757 565 2823 studio
595 2767 625 2819 et
655 2757 814 2821 sermonis
844 2767 967 2821 tumore
996 2758 1233 2842 verborumque

198 2877 314 2942 ppmpa
328 2859 368 2936 ⁸⁰)
392 2861 597 2942 superabant.
1040 2916 1044 2921 .

198 3008 203 3015 «
282 2962 394 3027 Talem
427 2964 548 3047 lyricae
581 2967 689 3047 poesis
719 2965 935 3029 conditionem
963 2965 992 3025 si
1023 2980 1087 3025 non
1117 2963 1232 3043 fictam,

195 3066 255 3129 sed
278 3086 386 3130 veram
410 3066 630 3148 depinximus,
646 3066 715 3150 jam
739 3085 778 3129 eo
802 3067 1023 3151 pervenimus,
1045 3074 1079 3129 ut
1102 3064 1142 3128 de
1157 3063 1232 3127 Phi-

194 3169 302 3251 loxeni
318 3170 488 3233 virtutibus
502 3181 589 3234 recte
598 3170 747 3254 judicare
762 3172 932 3253 possimus.
967 3168 1039 3250 Quo
1061 3178 1232 3252 postquam

196 3284 383 3355 perventum
413 3285 479 3355 est,
513 3293 646 3358 vereor,
681 3296 722 3341 ue
757 3276 826 3358 ipsa
855 3272 910 3335 illa
940 3270 1030 3354 laus,
1063 3290 1127 3356 qua
1155 3290 1233 3354 prae

196 3376 311 3441 ceteris
324 3375 525 3457 Antiphanes
538 3376 750 3442 Philoxenum
763 3378 899 3457 ornavit,
920 3375 954 3439 in
967 3375 1233 3457 vituperationem

194 3487 345 3555 vertatur.
378 3478 593 3553 Namverbis
617 3480 736 3563 ubique
752 3478 891 3562 propriis
914 3478 1072 3561 novisque
1087 3478 1133 3540 uti
1156 3477 1233 3560 quid

194 3583 255 3645 fuit
280 3580 386 3665 aliud,
419 3582 481 3645 nisi
515 3581 625 3645 talium
655 3601 760 3647 rerum
793 3600 927 3665 pravum
961 3580 1118 3660 studium,
1152 3597 1233 3662 quas

194 3686 353 3768 neglectis
386 3669 501 3768 priscis
540 3684 757 3768 perlectisque
791 3684 868 3747 artis
896 3680 1136 3764 exemplaribus
1169 3699 1233 3744 uon

194 3789 327 3865 alituule
349 3808 388 3857 se
408 3791 557 3871 petiisse,
579 3788 638 3852 sed
658 3809 714 3871 per
736 3808 772 3853 se
795 3789 979 3870 invenisse,
1002 3805 1147 3869 equusque
1169 3787 1232 3853 soli

194 3893 256 3969 sibi
280 3910 355 3957 esse
378 3893 524 3974 proprias
547 3902 660 3974 posset
681 3890 822 3976 gloriari.
962 3905 970 3967 j
1015 3896 1018 3899 ’

201 4036 204 4043 ·
281 3992 348 4071 Sed
383 3994 496 4059 dixerit
528 3995 666 4060 sortasse
700 3996 873 4078 quispiam,
914 4011 976 4056 uos
1011 3993 1120 4061 fallaci
1155 4012 1232 4056 usos

1004 4101 1025 4160 2
