2916 4860
1177 405 1221 473 29

182 577 424 645 moneamus
446 578 632 644 distinxisse
653 577 872 665 maioremque
898 581 928 643 ei
951 580 1135 643 varietatem
1164 576 1218 645 tri·

182 683 294 747 baisse
323 683 512 766 cogitemus.
556 681 671 767 Neque
700 703 772 747 eam
800 704 869 747 rem
899 685 939 747 ab
969 686 1047 749 artis
1077 683 1219 777 musicae

180 802 356 868 progressu
378 783 554 847 abhorrere
576 796 663 867 puttn
696 785 855 867 Quamdiu
879 787 963 851 enim
983 788 1092 869 poesis
1114 784 1218 870 dithy-

105 874 110 879 ’
180 888 322 950 rembica
339 888 440 950 tutius
463 889 556 970 quasi
579 887 690 970 populi
712 899 782 951 erat
803 897 899 972 atque
914 907 955 950 ex
970 889 1131 952 curnmuui
1153 889 1219 952 vita

179 990 357 1073 pendebat,
390 990 521 1053 civium.
537 992 730 1074 quicumque
760 986 881 1055 vellent
908 1008 968 1072 pru
988 1002 1056 1053 'sua
1080 991 1217 1074 quisque

149 1092 329 1161 ,facultate
360 1091 592 1176 dithyrambum
620 1090 798 1179 eanebau13
827 1102 995 1176 postquam
1023 1109 1102 1159 veru
1131 1102 1218 1159 tanta

181 1212 334 1259 senorum
356 1205 388 1258 et
408 1194 618 1281 melodiarum
639 1195 793 1258 varietate
816 1196 944 1259 misceri
966 1206 1078 1261 cautus
1100 1198 1216 1280 caepit,

182 1308 218 1361 ut
245 1297 350 1381 major
377 1316 473 1382 quam
501 1298 665 1361 hominum
694 1316 736 1361 ex
763 1296 890 1362 Graeco
923 1318 1011 1362 mure
1044 1299 1217 1367 liberaliter
1243 1313 1246 1318 ·

182 1400 387 1465 educaturum
410 1400 547 1464 canendi
568 1401 680 1483 peritia
710 1400 751 1463 ad
773 1400 904 1466 chorum
932 1402 1037 1487 palam
1060 1402 1217 1475 edendum

83 1568 87 1573 ⁴
181 1503 434 1583 desideraretur,
463 1522 499 1566 re
528 1505 658 1566 omniuo
687 1513 842 1567 anutura
864 1504 908 1569 ad
930 1515 1031 1569 artem
1053 1505 1215 1587 translata,

178 1604 318 1670 artifices
339 1606 486 1669 adhiberi
504 1587 613 1688 ccepti
636 1616 726 1688 sunt,
750 1606 805 1688 qui
823 1608 907 1671 omni
924 1606 1030 1677 studio
1044 1609 1077 1670 in
1093 1609 1216 1671 musica

178 1708 337 1773 collocato
359 1713 460 1791 ipsam
484 1708 622 1772 canendi
650 1717 750 1773 artem
780 1706 1012 1789 profiterentur.
1056 1706 1097 1770 Et
1119 1728 1217 1791 quum

177 1813 231 1875 vel
252 1813 294 1874 itu
312 1821 415 1892 esset,
438 1811 522 1895 quod
538 1810 735 1873 musicorum
751 1809 909 1875 licentium
925 1822 1091 1877 coerceret
1104 1816 1215 1891 (μεταε

177 1907 306 1995 βάλλειν
332 1908 393 2000 γὰρ
413 1908 539 1990 πολλάς
560 1907 745 1996 eusticius
765 1914 813 1997 τῷ
834 1909 881 1980 ἑνὶ
902 1916 981 2003 ῥᾷον
1002 1909 1024 2002 ἢ
1044 1919 1113 1992 τοῖς
1133 1915 1217 1983 πολ-

180 2017 259 2099 λοῖς,
296 2017 490 2083 Aristoteles
520 2018 562 2079 aii
591 2016 700 2081 Prcbl
730 2016 807 2081 XIX
816 2065 834 2101 ,,
856 2019 911 2093 15)
924 2021 984 2100 ³⁸),
1017 2018 1216 2099 Philoxenus

182 2121 274 2204 quasi
295 2120 445 2185 divisisse
468 2130 595 2185 cantum
618 2132 713 2203 atque
745 2121 950 2187 difficillimas
972 2136 1098 2207 partes,
1131 2144 1216 2210 quae

182 2241 336 2286 summam
366 2224 587 2288 desiderarent
619 2215 880 2291 exercitationem
920 2236 953 2289 et
992 2228 1155 2309 peritiam,
1196 2246 1216 2290 a

181 2324 281 2389 choro
304 2325 342 2388 ad
364 2324 510 2410 singulos
533 2344 656 2409 eosque
678 2326 891 2407 peritissimos
907 2327 1045 2397 artifices
1061 2328 1215 2393 detulisse

178 2428 367 2507 videtur⁵⁹).
1134 2502 1137 2509 .

264 2533 318 2598 Ad
340 2535 445 2617 illam,
480 2554 575 2619 quam
597 2535 769 2620 hucusque
788 2535 1063 2618 adumbravimus,
1099 2553 1214 2601 novam

177 2641 320 2704 musicae
338 2643 492 2704 rationem
509 2641 759 2725 ditlryramhicus
774 2642 965 2705 necessitate
980 2640 1118 2723 quadam
1132 2640 1215 2707 latus

177 2761 252 2805 esse
284 2742 414 2807 dixeris.
458 2742 541 2806 Nam
575 2742 767 2826 ‹litlryramlti
802 2756 887 2807 tanta
917 2754 985 2808 erat
1011 2745 1153 2809 incitatio
1182 2753 1215 2807 et

176 2845 293 2910 effusio
306 2858 457 2930 tantaque
480 2851 622 2910 motuum
645 2849 802 2932 varietas,
824 2859 859 2911 ut
881 2867 944 2911 nun
968 2847 1127 2912 sufficeret
1150 2850 1214 2931 pri·

175 2951 258 3012 suns
281 2953 425 3013 musicae
447 2950 636 3033 simplicitas
659 2955 701 3017 ad
723 2953 926 3017 affectionum
945 2951 1031 3014 illam
1048 2952 1213 3017 abundau-

174 3053 248 3115 tiam
273 3056 383 3117 nervis
406 3066 438 3119 et
460 3056 546 3119 tibiis
572 3058 821 3144 adaequandam.
867 3056 938 3138 lpsa
963 3067 1068 3121 autem
1090 3058 1214 3127 musica

174 3169 364 3220 senescente
387 3161 477 3241 poesi
501 3162 629 3223 carmin
652 3160 781 3223 mudum
811 3158 938 3222 exculta
966 3167 998 3220 et
1019 3167 1113 3223 aucta
1135 3169 1213 3240 erat,

175 3270 208 3322 ut
230 3262 352 3324 servire
377 3263 467 3343 poesi
490 3263 706 3344 surpliusnec
728 3272 842 3344 posset
864 3281 922 3326 nec
938 3260 1054 3344 vellet,
1076 3261 1137 3339 sed
1157 3275 1213 3327 aut

174 3385 282 3448 parem
314 3378 367 3429 aut
406 3369 608 3449 superiorem
643 3369 748 3437 locum
781 3365 844 3435 sibi
878 3365 1074 3447 vindicarem
1108 3384 1213 3449 cuqne

134 3528 139 3539 ,
173 3469 325 3533 libentius
358 3470 580 3556 dithyrambici
613 3475 757 3539 musicae
793 3490 854 3553 ope
886 3470 1072 3551 nitebantur,
1113 3489 1212 3553 quum

172 3574 247 3657 quid
271 3576 375 3656 postis
397 3576 543 3655 deesset,
567 3585 676 3657 tegere
698 3574 1058 3653 musicorumartilicia,
1081 3584 1136 3639 aut
1154 3594 1211 3640 ae·

172 3679 264 3760 quari
286 3689 451 3760 pociacum
473 3680 550 3742 vitia
573 3678 698 3742 illorum
722 3679 890 3743 virtutibus
904 3694 1003 3758 nosse
1020 3675 1211 3749 viderentur.

257 3781 422 3844 Invaserat
436 3792 541 3845 autem
558 3783 733 3865 antiquitus
747 3781 903 3847 Graecam
920 3779 1074 3851 musicum
1090 3795 1212 3855 nevum

171 3884 321 3966 quiddam
345 3895 440 3969 atque
463 3905 482 3947 a
504 3883 627 3948 Graeca
645 3896 754 3966 -geute
782 3887 886 3968 nriruc
914 3882 1069 3961 alienum,
1105 3902 1212 3967 necue

170 3986 251 4050 inter
275 3986 570 4069 tirasonensem,
604 3985 689 4069 quod
717 3996 869 4069 quantum
900 3984 940 4048 ad
968 3984 1152 4053 mutandam
1174 3996 1212 4057 ,et
