<?xml version="1.0" encoding="UTF-8"?>
<!DOCTYPE html PUBLIC "-//W3C//DTD XHTML 1.0 Transitional//EN"
    "http://www.w3.org/TR/xhtml1/DTD/xhtml1-transitional.dtd">
<html xmlns="http://www.w3.org/1999/xhtml" xml:lang="en" lang="en">
 <head>
  <title>
</title>
<meta http-equiv="Content-Type" content="text/html;charset=utf-8" />
  <meta name='ocr-system' content='tesseract 3.04.00' />
  <meta name='ocr-capabilities' content='ocr_page ocr_carea ocr_par ocr_line ocrx_word'/>
</head>
<body>
  <div class='ocr_page' id='page_1' title='image "./dephiloxenocyth00klingoog_0023.png"; bbox 0 0 2916 4860; ppageno 0'>
   <div class='ocr_carea' id='block_1_1' title="bbox 284 394 329 447">
    <p class='ocr_par' dir='ltr' id='par_1_1' title="bbox 284 394 329 447">
     <span class='ocr_line' id='line_1_1' title="bbox 284 394 329 447; baseline -0.022 0"><span class='ocrx_word' id='word_1_1' title='bbox 284 394 329 447; x_wconf 74' lang='lat' dir='ltr'><strong>its</strong></span> 
     </span>
    </p>
   </div>
   <div class='ocr_carea' id='block_1_2' title="bbox 159 532 1319 639">
    <p class='ocr_par' dir='ltr' id='par_1_2' title="bbox 159 532 1319 639">
     <span class='ocr_line' id='line_1_2' title="bbox 159 532 1319 639; baseline -0.001 -23"><span class='ocrx_word' id='word_1_2' title='bbox 159 532 164 537; x_wconf 38' lang='lat'><strong>¹</strong></span> <span class='ocrx_word' id='word_1_3' title='bbox 281 548 405 639; x_wconf 73' lang='lat' dir='ltr'><strong>ladieia</strong></span> <span class='ocrx_word' id='word_1_4' title='bbox 432 556 614 639; x_wconf 65' lang='lat' dir='ltr'><strong>torquendo</strong></span> <span class='ocrx_word' id='word_1_5' title='bbox 643 555 740 634; x_wconf 89' lang='lat' dir='ltr'><strong>inqua</strong></span> <span class='ocrx_word' id='word_1_6' title='bbox 768 560 867 630; x_wconf 67' lang='lat' dir='ltr'><strong>pejus,</strong></span> <span class='ocrx_word' id='word_1_7' title='bbox 889 562 1045 611; x_wconf 75' lang='lat' dir='ltr'><strong>venenas</strong></span> <span class='ocrx_word' id='word_1_8' title='bbox 1074 563 1158 611; x_wconf 88' lang='lat' dir='ltr'><strong>nanc</strong></span> <span class='ocrx_word' id='word_1_9' title='bbox 1181 551 1319 615; x_wconf 83' lang='lat' dir='ltr'><strong>maxime</strong></span> 
     </span>
    </p>
   </div>
   <div class='ocr_carea' id='block_1_3' title="bbox 217 650 1380 3526">
    <p class='ocr_par' dir='ltr' id='par_1_3' title="bbox 283 650 1380 1148">
     <span class='ocr_line' id='line_1_3' title="bbox 284 650 1316 737; baseline -0.005 -15"><span class='ocrx_word' id='word_1_10' title='bbox 284 659 474 723; x_wconf 79' lang='lat' dir='ltr'><strong>sententiam</strong></span> <span class='ocrx_word' id='word_1_11' title='bbox 496 674 537 723; x_wconf 88' lang='lat' dir='ltr'><strong>ex</strong></span> <span class='ocrx_word' id='word_1_12' title='bbox 558 653 758 737; x_wconf 76' lang='lat' dir='ltr'><strong>simplicibus</strong></span> <span class='ocrx_word' id='word_1_13' title='bbox 780 650 846 715; x_wconf 87' lang='lat' dir='ltr'><strong>illis</strong></span> <span class='ocrx_word' id='word_1_14' title='bbox 868 650 1064 734; x_wconf 64' lang='lat' dir='ltr'><strong>Antisthenis</strong></span> <span class='ocrx_word' id='word_1_15' title='bbox 1091 650 1200 737; x_wconf 83' lang='lat' dir='ltr'><strong>verbis</strong></span> <span class='ocrx_word' id='word_1_16' title='bbox 1221 653 1316 717; x_wconf 83' lang='lat' dir='ltr'><strong>extri·</strong></span> 
     </span>
     <span class='ocr_line' id='line_1_4' title="bbox 284 753 1316 838; baseline -0.007 -14"><span class='ocrx_word' id='word_1_17' title='bbox 284 774 389 825; x_wconf 87' lang='lat' dir='ltr'><strong>casse.</strong></span> <span class='ocrx_word' id='word_1_18' title='bbox 434 760 477 825; x_wconf 84' lang='lat' dir='ltr'><strong>At</strong></span> <span class='ocrx_word' id='word_1_19' title='bbox 498 776 562 823; x_wconf 89' lang='lat' dir='ltr'><strong>nca</strong></span> <span class='ocrx_word' id='word_1_20' title='bbox 585 756 689 818; x_wconf 89' lang='lat' dir='ltr'><strong>minus</strong></span> <span class='ocrx_word' id='word_1_21' title='bbox 711 753 789 838; x_wconf 91' lang='lat' dir='ltr'><strong>quid</strong></span> <span class='ocrx_word' id='word_1_22' title='bbox 811 753 950 818; x_wconf 87' lang='lat' dir='ltr'><strong>voluerit</strong></span> <span class='ocrx_word' id='word_1_23' title='bbox 972 756 1099 837; x_wconf 90' lang='lat' dir='ltr'><strong>dieera,</strong></span> <span class='ocrx_word' id='word_1_24' title='bbox 1121 772 1217 837; x_wconf 84' lang='lat' dir='ltr'><strong>quam</strong></span> <span class='ocrx_word' id='word_1_25' title='bbox 1239 754 1316 838; x_wconf 77' lang='lat' dir='ltr'><strong>quid</strong></span> 
     </span>
     <span class='ocr_line' id='line_1_5' title="bbox 283 856 1319 942; baseline -0.007 -13"><span class='ocrx_word' id='word_1_26' title='bbox 283 863 338 929; x_wconf 84' lang='lat' dir='ltr'><strong>vel</strong></span> <span class='ocrx_word' id='word_1_27' title='bbox 360 863 481 927; x_wconf 75' lang='lat' dir='ltr'><strong>nolenti</strong></span> <span class='ocrx_word' id='word_1_28' title='bbox 503 857 657 922; x_wconf 87' lang='lat' dir='ltr'><strong>exciderit</strong></span> <span class='ocrx_word' id='word_1_29' title='bbox 685 856 858 923; x_wconf 83' lang='lat' dir='ltr'><strong>ridendam</strong></span> <span class='ocrx_word' id='word_1_30' title='bbox 881 867 949 941; x_wconf 85' lang='lat' dir='ltr'><strong>est,</strong></span> <span class='ocrx_word' id='word_1_31' title='bbox 976 876 1125 942; x_wconf 57' lang='lat' dir='ltr'><strong>quaem</strong></span> <span class='ocrx_word' id='word_1_32' title='bbox 1146 856 1265 922; x_wconf 88' lang='lat' dir='ltr'><strong>lateant</strong></span> <span class='ocrx_word' id='word_1_33' title='bbox 1286 858 1319 922; x_wconf 89' lang='lat' dir='ltr'><strong>in</strong></span> 
     </span>
     <span class='ocr_line' id='line_1_6' title="bbox 285 961 1380 1046; baseline -0.006 -15"><span class='ocrx_word' id='word_1_34' title='bbox 285 967 392 1031; x_wconf 82' lang='lat' dir='ltr'><strong>verbis</strong></span> <span class='ocrx_word' id='word_1_35' title='bbox 420 982 484 1027; x_wconf 89' lang='lat' dir='ltr'><strong>non</strong></span> <span class='ocrx_word' id='word_1_36' title='bbox 519 962 624 1024; x_wconf 88' lang='lat' dir='ltr'><strong>minus</strong></span> <span class='ocrx_word' id='word_1_37' title='bbox 653 961 929 1046; x_wconf 79' lang='lat' dir='ltr'><strong>investigandum,</strong></span> <span class='ocrx_word' id='word_1_38' title='bbox 962 979 1058 1046; x_wconf 83' lang='lat' dir='ltr'><strong>qaam</strong></span> <span class='ocrx_word' id='word_1_39' title='bbox 1090 980 1175 1046; x_wconf 86' lang='lat' dir='ltr'><strong>quae</strong></span> <span class='ocrx_word' id='word_1_40' title='bbox 1207 970 1317 1043; x_wconf 84' lang='lat' dir='ltr'><strong>aperta</strong></span> <span class='ocrx_word' id='word_1_41' title='bbox 1379 1034 1380 1041; x_wconf 14' lang='lat' dir='ltr'><strong>p</strong></span> 
     </span>
     <span class='ocr_line' id='line_1_7' title="bbox 284 1046 1380 1148; baseline -0.005 -16"><span class='ocrx_word' id='word_1_42' title='bbox 284 1071 315 1132; x_wconf 90' lang='lat' dir='ltr'><strong>in</strong></span> <span class='ocrx_word' id='word_1_43' title='bbox 338 1067 478 1130; x_wconf 87' lang='lat' dir='ltr'><strong>omnium</strong></span> <span class='ocrx_word' id='word_1_44' title='bbox 501 1063 655 1145; x_wconf 83' lang='lat' dir='ltr'><strong>adspecta</strong></span> <span class='ocrx_word' id='word_1_45' title='bbox 674 1061 782 1148; x_wconf 81' lang='lat' dir='ltr'><strong>jacent</strong></span> <span class='ocrx_word' id='word_1_46' title='bbox 802 1063 1003 1146; x_wconf 87' lang='lat' dir='ltr'><strong>respicienda</strong></span> <span class='ocrx_word' id='word_1_47' title='bbox 1027 1073 1109 1127; x_wconf 89' lang='lat' dir='ltr'><strong>sunt.</strong></span> <span class='ocrx_word' id='word_1_48' title='bbox 1376 1046 1380 1055; x_wconf 38' lang='lat'><strong>²</strong></span> 
     </span>
    </p>

    <p class='ocr_par' dir='ltr' id='par_1_4' title="bbox 217 1163 1320 2163">
     <span class='ocr_line' id='line_1_8' title="bbox 367 1163 1320 1250; baseline -0.002 -18"><span class='ocrx_word' id='word_1_49' title='bbox 367 1168 419 1232; x_wconf 89' lang='lat' dir='ltr'><strong>Ac</strong></span> <span class='ocrx_word' id='word_1_50' title='bbox 440 1169 470 1231; x_wconf 90' lang='lat' dir='ltr'><strong>si</strong></span> <span class='ocrx_word' id='word_1_51' title='bbox 491 1168 626 1250; x_wconf 86' lang='lat' dir='ltr'><strong>prcpuis</strong></span> <span class='ocrx_word' id='word_1_52' title='bbox 647 1165 847 1246; x_wconf 75' lang='lat' dir='ltr'><strong>accesseris,</strong></span> <span class='ocrx_word' id='word_1_53' title='bbox 875 1165 948 1247; x_wconf 86' lang='lat' dir='ltr'><strong>quis</strong></span> <span class='ocrx_word' id='word_1_54' title='bbox 970 1163 1186 1248; x_wconf 72' lang='lat' dir='ltr'><strong>Antiphanes</strong></span> <span class='ocrx_word' id='word_1_55' title='bbox 1209 1164 1320 1231; x_wconf 86' lang='lat' dir='ltr'><strong>credat</strong></span> 
     </span>
     <span class='ocr_line' id='line_1_9' title="bbox 281 1266 1319 1351; baseline -0.005 -13"><span class='ocrx_word' id='word_1_56' title='bbox 281 1266 346 1338; x_wconf 89' lang='lat' dir='ltr'><strong>illis</strong></span> <span class='ocrx_word' id='word_1_57' title='bbox 368 1271 505 1336; x_wconf 78' lang='lat' dir='ltr'><strong>maxime</strong></span> <span class='ocrx_word' id='word_1_58' title='bbox 527 1271 637 1334; x_wconf 85' lang='lat' dir='ltr'><strong>verbis</strong></span> <span class='ocrx_word' id='word_1_59' title='bbox 659 1286 791 1333; x_wconf 87' lang='lat' dir='ltr'><strong>usurum</strong></span> <span class='ocrx_word' id='word_1_60' title='bbox 813 1280 909 1351; x_wconf 83' lang='lat' dir='ltr'><strong>atque</strong></span> <span class='ocrx_word' id='word_1_61' title='bbox 930 1267 1011 1332; x_wconf 90' lang='lat' dir='ltr'><strong>illud</strong></span> <span class='ocrx_word' id='word_1_62' title='bbox 1024 1278 1110 1332; x_wconf 87' lang='lat' dir='ltr'><strong>tanta</strong></span> <span class='ocrx_word' id='word_1_63' title='bbox 1127 1278 1200 1332; x_wconf 86' lang='lat' dir='ltr'><strong>cam</strong></span> <span class='ocrx_word' id='word_1_64' title='bbox 1222 1269 1319 1333; x_wconf 82' lang='lat' dir='ltr'><strong>laude</strong></span> 
     </span>
     <span class='ocr_line' id='line_1_10' title="bbox 282 1369 1320 1454; baseline -0.005 -14"><span class='ocrx_word' id='word_1_65' title='bbox 282 1376 323 1442; x_wconf 89' lang='lat' dir='ltr'><strong>de</strong></span> <span class='ocrx_word' id='word_1_66' title='bbox 342 1373 522 1439; x_wconf 85' lang='lat' dir='ltr'><strong>Philoxeno</strong></span> <span class='ocrx_word' id='word_1_67' title='bbox 544 1373 645 1437; x_wconf 89' lang='lat' dir='ltr'><strong>fuisse</strong></span> <span class='ocrx_word' id='word_1_68' title='bbox 660 1369 937 1454; x_wconf 86' lang='lat' dir='ltr'><strong>praedicaturum,</strong></span> <span class='ocrx_word' id='word_1_69' title='bbox 958 1371 1021 1434; x_wconf 88' lang='lat' dir='ltr'><strong>nisi</strong></span> <span class='ocrx_word' id='word_1_70' title='bbox 1036 1382 1180 1454; x_wconf 86' lang='lat' dir='ltr'><strong>apertum</strong></span> <span class='ocrx_word' id='word_1_71' title='bbox 1203 1371 1258 1435; x_wconf 88' lang='lat' dir='ltr'><strong>ille</strong></span> <span class='ocrx_word' id='word_1_72' title='bbox 1279 1389 1320 1436; x_wconf 88' lang='lat' dir='ltr'><strong>ac</strong></span> 
     </span>
     <span class='ocr_line' id='line_1_11' title="bbox 217 1474 1320 1563; baseline -0.001 -19"><span class='ocrx_word' id='word_1_73' title='bbox 217 1558 219 1563; x_wconf 17' lang='grc' dir='ltr'>ι</span> <span class='ocrx_word' id='word_1_74' title='bbox 281 1479 482 1544; x_wconf 87' lang='lat' dir='ltr'><strong>manifestum</strong></span> <span class='ocrx_word' id='word_1_75' title='bbox 504 1477 643 1541; x_wconf 88' lang='lat' dir='ltr'><strong>studium</strong></span> <span class='ocrx_word' id='word_1_76' title='bbox 664 1477 699 1539; x_wconf 88' lang='lat' dir='ltr'><strong>in</strong></span> <span class='ocrx_word' id='word_1_77' title='bbox 713 1474 775 1539; x_wconf 90' lang='lat' dir='ltr'><strong>hac</strong></span> <span class='ocrx_word' id='word_1_78' title='bbox 788 1477 859 1557; x_wconf 88' lang='lat' dir='ltr'><strong>ipsa</strong></span> <span class='ocrx_word' id='word_1_79' title='bbox 878 1494 915 1538; x_wconf 88' lang='lat' dir='ltr'><strong>re</strong></span> <span class='ocrx_word' id='word_1_80' title='bbox 930 1475 1139 1560; x_wconf 87' lang='lat' dir='ltr'><strong>collocasset,</strong></span> <span class='ocrx_word' id='word_1_81' title='bbox 1162 1487 1197 1542; x_wconf 89' lang='lat' dir='ltr'><strong>ut</strong></span> <span class='ocrx_word' id='word_1_82' title='bbox 1212 1494 1320 1544; x_wconf 86' lang='lat' dir='ltr'><strong>novus</strong></span> 
     </span>
     <span class='ocr_line' id='line_1_12' title="bbox 280 1576 1319 1665; baseline -0.001 -19"><span class='ocrx_word' id='word_1_83' title='bbox 280 1582 402 1665; x_wconf 86' lang='lat' dir='ltr'><strong>ubique</strong></span> <span class='ocrx_word' id='word_1_84' title='bbox 424 1590 520 1664; x_wconf 88' lang='lat' dir='ltr'><strong>atque</strong></span> <span class='ocrx_word' id='word_1_85' title='bbox 542 1597 622 1643; x_wconf 86' lang='lat' dir='ltr'><strong>suus</strong></span> <span class='ocrx_word' id='word_1_86' title='bbox 643 1579 677 1642; x_wconf 89' lang='lat' dir='ltr'><strong>in</strong></span> <span class='ocrx_word' id='word_1_87' title='bbox 699 1576 837 1641; x_wconf 86' lang='lat' dir='ltr'><strong>diceudo</strong></span> <span class='ocrx_word' id='word_1_88' title='bbox 859 1577 1031 1642; x_wconf 87' lang='lat' dir='ltr'><strong>videretur.</strong></span> <span class='ocrx_word' id='word_1_89' title='bbox 1065 1578 1105 1642; x_wconf 86' lang='lat' dir='ltr'><strong>Et</strong></span> <span class='ocrx_word' id='word_1_90' title='bbox 1127 1579 1191 1645; x_wconf 85' lang='lat' dir='ltr'><strong>hoc</strong></span> <span class='ocrx_word' id='word_1_91' title='bbox 1212 1582 1319 1665; x_wconf 90' lang='lat' dir='ltr'><strong>ipsum</strong></span> 
     </span>
     <span class='ocr_line' id='line_1_13' title="bbox 281 1682 1317 1770; baseline -0.002 -19"><span class='ocrx_word' id='word_1_92' title='bbox 281 1684 440 1770; x_wconf 84' lang='lat' dir='ltr'><strong>estquod</strong></span> <span class='ocrx_word' id='word_1_93' title='bbox 461 1682 743 1768; x_wconf 82' lang='lat' dir='ltr'><strong>reprehendimus,</strong></span> <span class='ocrx_word' id='word_1_94' title='bbox 766 1699 830 1743; x_wconf 89' lang='lat' dir='ltr'><strong>non</strong></span> <span class='ocrx_word' id='word_1_95' title='bbox 853 1699 1011 1745; x_wconf 89' lang='lat' dir='ltr'><strong>navorum</strong></span> <span class='ocrx_word' id='word_1_96' title='bbox 1027 1683 1197 1748; x_wconf 86' lang='lat' dir='ltr'><strong>verboram</strong></span> <span class='ocrx_word' id='word_1_97' title='bbox 1212 1703 1317 1768; x_wconf 90' lang='lat' dir='ltr'><strong>usum,</strong></span> 
     </span>
     <span class='ocr_line' id='line_1_14' title="bbox 281 1787 1319 1875; baseline 0.002 -22"><span class='ocrx_word' id='word_1_98' title='bbox 281 1788 340 1853; x_wconf 89' lang='lat' dir='ltr'><strong>sed</strong></span> <span class='ocrx_word' id='word_1_99' title='bbox 352 1787 793 1853; x_wconf 78' lang='lat' dir='ltr'><strong>cunadectariansabusum.</strong></span> <span class='ocrx_word' id='word_1_100' title='bbox 816 1787 990 1852; x_wconf 88' lang='lat' dir='ltr'><strong>Praeterea</strong></span> <span class='ocrx_word' id='word_1_101' title='bbox 1002 1800 1164 1873; x_wconf 88' lang='lat' dir='ltr'><strong>quantum,</strong></span> <span class='ocrx_word' id='word_1_102' title='bbox 1183 1809 1319 1875; x_wconf 77' lang='lat' dir='ltr'>quaeso,</span> 
     </span>
     <span class='ocr_line' id='line_1_15' title="bbox 281 1891 1318 1976; baseline 0.001 -20"><span class='ocrx_word' id='word_1_103' title='bbox 281 1893 311 1956; x_wconf 90' lang='lat' dir='ltr'><strong>ei</strong></span> <span class='ocrx_word' id='word_1_104' title='bbox 326 1891 526 1957; x_wconf 86' lang='lat' dir='ltr'><strong>tribuendum</strong></span> <span class='ocrx_word' id='word_1_105' title='bbox 543 1911 619 1957; x_wconf 87' lang='lat' dir='ltr'><strong>esse</strong></span> <span class='ocrx_word' id='word_1_106' title='bbox 634 1892 773 1976; x_wconf 88' lang='lat' dir='ltr'><strong>putatis,</strong></span> <span class='ocrx_word' id='word_1_107' title='bbox 795 1892 846 1954; x_wconf 85' lang='lat' dir='ltr'><strong>uui</strong></span> <span class='ocrx_word' id='word_1_108' title='bbox 864 1891 919 1955; x_wconf 83' lang='lat' dir='ltr'><strong>rel</strong></span> <span class='ocrx_word' id='word_1_109' title='bbox 934 1893 1091 1975; x_wconf 80' lang='lat' dir='ltr'><strong>prodigus</strong></span> <span class='ocrx_word' id='word_1_110' title='bbox 1106 1895 1141 1958; x_wconf 91' lang='lat' dir='ltr'><strong>ia</strong></span> <span class='ocrx_word' id='word_1_111' title='bbox 1156 1893 1318 1957; x_wconf 84' lang='lat' dir='ltr'><strong>laudando</strong></span> 
     </span>
     <span class='ocr_line' id='line_1_16' title="bbox 254 1995 1315 2080; baseline 0.001 -21"><span class='ocrx_word' id='word_1_112' title='bbox 254 1995 452 2075; x_wconf 30' lang='lat' dir='ltr'><strong>,admirator</strong></span> <span class='ocrx_word' id='word_1_113' title='bbox 479 2004 608 2078; x_wconf 87' lang='lat' dir='ltr'><strong>praeter</strong></span> <span class='ocrx_word' id='word_1_114' title='bbox 636 2013 722 2061; x_wconf 86' lang='lat' dir='ltr'><strong>nava</strong></span> <span class='ocrx_word' id='word_1_115' title='bbox 742 1995 841 2061; x_wconf 87' lang='lat' dir='ltr'><strong>verba</strong></span> <span class='ocrx_word' id='word_1_116' title='bbox 869 2004 926 2059; x_wconf 88' lang='lat' dir='ltr'><strong>aut</strong></span> <span class='ocrx_word' id='word_1_117' title='bbox 947 1995 1025 2060; x_wconf 88' lang='lat' dir='ltr'><strong>nihil</strong></span> <span class='ocrx_word' id='word_1_118' title='bbox 1048 2006 1103 2063; x_wconf 89' lang='lat' dir='ltr'><strong>aut</strong></span> <span class='ocrx_word' id='word_1_119' title='bbox 1122 1999 1315 2080; x_wconf 83' lang='lat' dir='ltr'><strong>paucissima</strong></span> 
     </span>
     <span class='ocr_line' id='line_1_17' title="bbox 280 2098 512 2163; baseline -0.004 -1"><span class='ocrx_word' id='word_1_120' title='bbox 280 2098 450 2163; x_wconf 69' lang='lat' dir='ltr'><strong>tribuerit?</strong></span> <span class='ocrx_word' id='word_1_121' title='bbox 471 2135 512 2145; x_wconf 93' lang='lat'><strong>—-</strong></span> 
     </span>
    </p>

    <p class='ocr_par' dir='ltr' id='par_1_5' title="bbox 273 2202 1377 3526">
     <span class='ocr_line' id='line_1_18' title="bbox 369 2202 1316 2288; baseline 0.001 -22"><span class='ocrx_word' id='word_1_122' title='bbox 369 2202 484 2288; x_wconf 81' lang='lat' dir='ltr'>Neque</span> <span class='ocrx_word' id='word_1_123' title='bbox 522 2204 609 2268; x_wconf 85' lang='lat' dir='ltr'><strong>idem</strong></span> <span class='ocrx_word' id='word_1_124' title='bbox 640 2223 755 2269; x_wconf 87' lang='lat' dir='ltr'><strong>amnes</strong></span> <span class='ocrx_word' id='word_1_125' title='bbox 794 2203 838 2267; x_wconf 82' lang='lat' dir='ltr'><strong>da</strong></span> <span class='ocrx_word' id='word_1_126' title='bbox 869 2202 1051 2277; x_wconf 79' lang='lat' dir='ltr'><strong>Philoxeno</strong></span> <span class='ocrx_word' id='word_1_127' title='bbox 1087 2203 1316 2269; x_wconf 84' lang='lat' dir='ltr'><strong>existimarunt.</strong></span> 
     </span>
     <span class='ocr_line' id='line_1_19' title="bbox 279 2306 1315 2391; baseline -0.003 -18"><span class='ocrx_word' id='word_1_128' title='bbox 279 2306 362 2373; x_wconf 85' lang='lat' dir='ltr'><strong>Nam</strong></span> <span class='ocrx_word' id='word_1_129' title='bbox 394 2308 542 2374; x_wconf 86' lang='lat' dir='ltr'><strong>homines</strong></span> <span class='ocrx_word' id='word_1_130' title='bbox 579 2310 658 2373; x_wconf 88' lang='lat' dir='ltr'><strong>artis</strong></span> <span class='ocrx_word' id='word_1_131' title='bbox 690 2307 988 2391; x_wconf 78' lang='lat' dir='ltr'><strong>intelligentissimi,</strong></span> <span class='ocrx_word' id='word_1_132' title='bbox 1028 2307 1082 2390; x_wconf 88' lang='lat' dir='ltr'><strong>qui</strong></span> <span class='ocrx_word' id='word_1_133' title='bbox 1122 2315 1158 2369; x_wconf 88' lang='lat' dir='ltr'><strong>ut</strong></span> <span class='ocrx_word' id='word_1_134' title='bbox 1189 2308 1315 2389; x_wconf 83' lang='lat' dir='ltr'><strong>priscae</strong></span> 
     </span>
     <span class='ocr_line' id='line_1_20' title="bbox 279 2407 1314 2495; baseline -0.003 -18"><span class='ocrx_word' id='word_1_135' title='bbox 279 2411 466 2477; x_wconf 85' lang='lat' dir='ltr'><strong>comaediae</strong></span> <span class='ocrx_word' id='word_1_136' title='bbox 480 2410 560 2493; x_wconf 80' lang='lat' dir='ltr'><strong>uiri,</strong></span> <span class='ocrx_word' id='word_1_137' title='bbox 583 2420 771 2495; x_wconf 76' lang='lat' dir='ltr'><strong>praesentes</strong></span> <span class='ocrx_word' id='word_1_138' title='bbox 791 2420 887 2495; x_wconf 88' lang='lat' dir='ltr'><strong>atque</strong></span> <span class='ocrx_word' id='word_1_139' title='bbox 908 2411 1041 2494; x_wconf 77' lang='lat' dir='ltr'><strong>integris</strong></span> <span class='ocrx_word' id='word_1_140' title='bbox 1063 2407 1166 2472; x_wconf 89' lang='lat' dir='ltr'><strong>oculis</strong></span> <span class='ocrx_word' id='word_1_141' title='bbox 1187 2409 1314 2474; x_wconf 83' lang='lat' dir='ltr'><strong>inanem</strong></span> 
     </span>
     <span class='ocr_line' id='line_1_21' title="bbox 277 2513 1315 2605; baseline -0.002 -27"><span class='ocrx_word' id='word_1_142' title='bbox 277 2513 673 2601; x_wconf 82' lang='lat' dir='ltr'><strong>dithyrambcgraphorum</strong></span> <span class='ocrx_word' id='word_1_143' title='bbox 688 2513 1004 2605; x_wconf 77' lang='lat' dir='ltr'><strong>grandiloqueatiam</strong></span> <span class='ocrx_word' id='word_1_144' title='bbox 1018 2514 1237 2597; x_wconf 82' lang='lat' dir='ltr'><strong>intuebantur,</strong></span> <span class='ocrx_word' id='word_1_145' title='bbox 1248 2521 1315 2577; x_wconf 83' lang='lat' dir='ltr'><strong>aut</strong></span> 
     </span>
     <span class='ocr_line' id='line_1_22' title="bbox 278 2616 1314 2702; baseline -0.002 -21"><span class='ocrx_word' id='word_1_146' title='bbox 278 2618 333 2702; x_wconf 86' lang='lat' dir='ltr'><strong>qui</strong></span> <span class='ocrx_word' id='word_1_147' title='bbox 351 2618 430 2681; x_wconf 88' lang='lat' dir='ltr'><strong>satis</strong></span> <span class='ocrx_word' id='word_1_148' title='bbox 448 2616 545 2702; x_wconf 82' lang='lat' dir='ltr'><strong>longa</strong></span> <span class='ocrx_word' id='word_1_149' title='bbox 562 2617 716 2699; x_wconf 87' lang='lat' dir='ltr'><strong>temporis</strong></span> <span class='ocrx_word' id='word_1_150' title='bbox 733 2617 902 2682; x_wconf 86' lang='lat' dir='ltr'><strong>intervallo</strong></span> <span class='ocrx_word' id='word_1_151' title='bbox 922 2618 963 2680; x_wconf 91' lang='lat' dir='ltr'><strong>ab</strong></span> <span class='ocrx_word' id='word_1_152' title='bbox 979 2616 1034 2682; x_wconf 92' lang='lat' dir='ltr'><strong>illa</strong></span> <span class='ocrx_word' id='word_1_153' title='bbox 1051 2626 1155 2683; x_wconf 86' lang='lat' dir='ltr'><strong>aetate</strong></span> <span class='ocrx_word' id='word_1_154' title='bbox 1167 2616 1314 2696; x_wconf 89' lang='lat' dir='ltr'><strong>aberant,</strong></span> 
     </span>
     <span class='ocr_line' id='line_1_23' title="bbox 278 2717 1313 2804; baseline 0 -22"><span class='ocrx_word' id='word_1_155' title='bbox 278 2717 423 2783; x_wconf 86' lang='lat' dir='ltr'><strong>utnulla</strong></span> <span class='ocrx_word' id='word_1_156' title='bbox 445 2739 480 2783; x_wconf 90' lang='lat' dir='ltr'><strong>re</strong></span> <span class='ocrx_word' id='word_1_157' title='bbox 502 2718 675 2801; x_wconf 85' lang='lat' dir='ltr'><strong>perturbati</strong></span> <span class='ocrx_word' id='word_1_158' title='bbox 697 2717 799 2783; x_wconf 91' lang='lat' dir='ltr'><strong>libere</strong></span> <span class='ocrx_word' id='word_1_159' title='bbox 816 2717 967 2804; x_wconf 87' lang='lat' dir='ltr'><strong>judicare</strong></span> <span class='ocrx_word' id='word_1_160' title='bbox 996 2727 1148 2804; x_wconf 89' lang='lat' dir='ltr'><strong>possent,</strong></span> <span class='ocrx_word' id='word_1_161' title='bbox 1177 2727 1211 2782; x_wconf 93' lang='lat' dir='ltr'><strong>ut</strong></span> <span class='ocrx_word' id='word_1_162' title='bbox 1233 2717 1313 2782; x_wconf 86' lang='lat' dir='ltr'><strong>Dio·</strong></span> 
     </span>
     <span class='ocr_line' id='line_1_24' title="bbox 278 2814 1313 2910; baseline 0.003 -24"><span class='ocrx_word' id='word_1_163' title='bbox 278 2823 392 2908; x_wconf 85' lang='lat' dir='ltr'><strong>nysius</strong></span> <span class='ocrx_word' id='word_1_164' title='bbox 421 2821 476 2885; x_wconf 88' lang='lat' dir='ltr'><strong>ille</strong></span> <span class='ocrx_word' id='word_1_165' title='bbox 498 2814 797 2887; x_wconf 78' lang='lat' dir='ltr'><strong>Halicarnassensis</strong></span> <span class='ocrx_word' id='word_1_166' title='bbox 827 2825 884 2901; x_wconf 86' lang='lat' dir='ltr'><strong>(cf.</strong></span> <span class='ocrx_word' id='word_1_167' title='bbox 908 2824 950 2888; x_wconf 89' lang='lat' dir='ltr'><strong>de</strong></span> <span class='ocrx_word' id='word_1_168' title='bbox 972 2844 1076 2907; x_wconf 88' lang='lat' dir='ltr'><strong>comp.</strong></span> <span class='ocrx_word' id='word_1_169' title='bbox 1098 2842 1172 2889; x_wconf 88' lang='lat' dir='ltr'><strong>vac.</strong></span> <span class='ocrx_word' id='word_1_170' title='bbox 1194 2843 1222 2889; x_wconf 85' lang='lat' dir='ltr'><strong>c.</strong></span> <span class='ocrx_word' id='word_1_171' title='bbox 1246 2824 1313 2910; x_wconf 68' lang='lat' dir='ltr'><strong>il),</strong></span> 
     </span>
     <span class='ocr_line' id='line_1_25' title="bbox 276 2923 1314 3014; baseline 0.006 -26"><span class='ocrx_word' id='word_1_172' title='bbox 276 2924 320 2988; x_wconf 91' lang='lat' dir='ltr'><strong>ita</strong></span> <span class='ocrx_word' id='word_1_173' title='bbox 342 2923 383 2990; x_wconf 89' lang='lat' dir='ltr'><strong>de</strong></span> <span class='ocrx_word' id='word_1_174' title='bbox 405 2924 585 2990; x_wconf 88' lang='lat' dir='ltr'><strong>Philoxeno</strong></span> <span class='ocrx_word' id='word_1_175' title='bbox 602 2924 763 3011; x_wconf 87' lang='lat' dir='ltr'><strong>judicant,</strong></span> <span class='ocrx_word' id='word_1_176' title='bbox 785 2938 820 2991; x_wconf 89' lang='lat' dir='ltr'><strong>ut</strong></span> <span class='ocrx_word' id='word_1_177' title='bbox 843 2950 883 2992; x_wconf 89' lang='lat' dir='ltr'><strong>ne</strong></span> <span class='ocrx_word' id='word_1_178' title='bbox 905 2931 1021 2994; x_wconf 88' lang='lat' dir='ltr'><strong>nimias</strong></span> <span class='ocrx_word' id='word_1_179' title='bbox 1042 2932 1074 2995; x_wconf 87' lang='lat' dir='ltr'><strong>ei</strong></span> <span class='ocrx_word' id='word_1_180' title='bbox 1095 2930 1314 3014; x_wconf 80' lang='lat' dir='ltr'><strong>impertiamus</strong></span> 
     </span>
     <span class='ocr_line' id='line_1_26' title="bbox 277 3028 1313 3121; baseline 0.004 -28"><span class='ocrx_word' id='word_1_181' title='bbox 277 3028 390 3093; x_wconf 88' lang='lat' dir='ltr'><strong>laudes</strong></span> <span class='ocrx_word' id='word_1_182' title='bbox 405 3030 585 3094; x_wconf 89' lang='lat' dir='ltr'><strong>cavendum</strong></span> <span class='ocrx_word' id='word_1_183' title='bbox 607 3032 712 3094; x_wconf 88' lang='lat' dir='ltr'><strong>sit.-—</strong></span> <span class='ocrx_word' id='word_1_184' title='bbox 734 3032 827 3097; x_wconf 87' lang='lat' dir='ltr'><strong>Plato</strong></span> <span class='ocrx_word' id='word_1_185' title='bbox 849 3034 978 3121; x_wconf 87' lang='lat' dir='ltr'><strong>quidem</strong></span> <span class='ocrx_word' id='word_1_186' title='bbox 996 3033 1140 3096; x_wconf 88' lang='lat' dir='ltr'><strong>comicus</strong></span> <span class='ocrx_word' id='word_1_187' title='bbox 1161 3041 1313 3117; x_wconf 88' lang='lat' dir='ltr'><strong>quantum</strong></span> 
     </span>
     <span class='ocr_line' id='line_1_27' title="bbox 277 3132 1314 3220; baseline 0.004 -25"><span class='ocrx_word' id='word_1_188' title='bbox 277 3132 307 3195; x_wconf 89' lang='lat' dir='ltr'><strong>ei</strong></span> <span class='ocrx_word' id='word_1_189' title='bbox 329 3132 483 3197; x_wconf 88' lang='lat' dir='ltr'><strong>tribueret</strong></span> <span class='ocrx_word' id='word_1_190' title='bbox 494 3132 627 3197; x_wconf 82' lang='lat' dir='ltr'><strong>Phaone</strong></span> <span class='ocrx_word' id='word_1_191' title='bbox 648 3135 758 3200; x_wconf 83' lang='lat' dir='ltr'><strong>fabula</strong></span> <span class='ocrx_word' id='word_1_192' title='bbox 781 3137 906 3219; x_wconf 86' lang='lat' dir='ltr'><strong>docuit,</strong></span> <span class='ocrx_word' id='word_1_193' title='bbox 929 3137 962 3200; x_wconf 91' lang='lat' dir='ltr'><strong>in</strong></span> <span class='ocrx_word' id='word_1_194' title='bbox 984 3155 1048 3220; x_wconf 89' lang='lat' dir='ltr'><strong>qua</strong></span> <span class='ocrx_word' id='word_1_195' title='bbox 1069 3134 1314 3200; x_wconf 81' lang='lat' dir='ltr'><strong>celebratissimi</strong></span> 
     </span>
     <span class='ocr_line' id='line_1_28' title="bbox 275 3231 1314 3322; baseline 0.005 -26"><span class='ocrx_word' id='word_1_196' title='bbox 275 3232 364 3297; x_wconf 91' lang='lat' dir='ltr'><strong>iliius</strong></span> <span class='ocrx_word' id='word_1_197' title='bbox 375 3231 546 3298; x_wconf 87' lang='lat' dir='ltr'><strong>Philoxeni</strong></span> <span class='ocrx_word' id='word_1_198' title='bbox 569 3237 739 3319; x_wconf 86' lang='lat' dir='ltr'><strong>carminis,</strong></span> <span class='ocrx_word' id='word_1_199' title='bbox 761 3237 847 3320; x_wconf 85' lang='lat' dir='ltr'><strong>quod</strong></span> <span class='ocrx_word' id='word_1_200' title='bbox 862 3240 1000 3303; x_wconf 79' lang='grc' dir='ltr'><em>Δεῖπνον</em></span> <span class='ocrx_word' id='word_1_201' title='bbox 1021 3239 1212 3322; x_wconf 83' lang='lat' dir='ltr'><strong>inscriptum</strong></span> <span class='ocrx_word' id='word_1_202' title='bbox 1234 3245 1314 3320; x_wconf 77' lang='lat' dir='ltr'><strong>erat,</strong></span> 
     </span>
     <span class='ocr_line' id='line_1_29' title="bbox 275 3336 1377 3423; baseline 0.002 -23"><span class='ocrx_word' id='word_1_203' title='bbox 275 3338 320 3401; x_wconf 87' lang='lat' dir='ltr'><strong>ita</strong></span> <span class='ocrx_word' id='word_1_204' title='bbox 341 3336 511 3402; x_wconf 83' lang='lat' dir='ltr'><strong>exilitatem</strong></span> <span class='ocrx_word' id='word_1_205' title='bbox 533 3347 566 3402; x_wconf 88' lang='lat' dir='ltr'><strong>at</strong></span> <span class='ocrx_word' id='word_1_206' title='bbox 587 3339 765 3403; x_wconf 86' lang='lat' dir='ltr'><strong>siccitatem</strong></span> <span class='ocrx_word' id='word_1_207' title='bbox 783 3341 984 3423; x_wconf 86' lang='lat' dir='ltr'><strong>perstrinxit,</strong></span> <span class='ocrx_word' id='word_1_208' title='bbox 1006 3349 1042 3403; x_wconf 88' lang='lat' dir='ltr'><strong>ut</strong></span> <span class='ocrx_word' id='word_1_209' title='bbox 1056 3358 1142 3403; x_wconf 90' lang='lat' dir='ltr'><strong>nova</strong></span> <span class='ocrx_word' id='word_1_210' title='bbox 1155 3338 1313 3423; x_wconf 84' lang='lat' dir='ltr'><strong>quaedam</strong></span> <span class='ocrx_word' id='word_1_211' title='bbox 1374 3363 1377 3370; x_wconf 95' lang='lat'>·</span> 
     </span>
     <span class='ocr_line' id='line_1_30' title="bbox 273 3440 1313 3526; baseline 0.002 -22"><span class='ocrx_word' id='word_1_212' title='bbox 273 3440 433 3525; x_wconf 86' lang='lat' dir='ltr'><strong>coquendi</strong></span> <span class='ocrx_word' id='word_1_213' title='bbox 457 3452 626 3525; x_wconf 88' lang='lat' dir='ltr'><strong>praecepta</strong></span> <span class='ocrx_word' id='word_1_214' title='bbox 642 3441 791 3506; x_wconf 82' lang='lat' dir='ltr'><strong>versibus</strong></span> <span class='ocrx_word' id='word_1_215' title='bbox 813 3441 904 3505; x_wconf 91' lang='lat' dir='ltr'><strong>illum</strong></span> <span class='ocrx_word' id='word_1_216' title='bbox 922 3442 1098 3506; x_wconf 84' lang='lat' dir='ltr'><strong>inclusisse</strong></span> <span class='ocrx_word' id='word_1_217' title='bbox 1112 3441 1313 3526; x_wconf 77' lang='lat' dir='ltr'><strong>lingeret⁴⁰)‚</strong></span> 
     </span>
    </p>
   </div>
   <div class='ocr_carea' id='block_1_4' title="bbox 178 3544 1313 3630">
    <p class='ocr_par' dir='ltr' id='par_1_6' title="bbox 178 3544 1313 3630">
     <span class='ocr_line' id='line_1_31' title="bbox 178 3544 1313 3630; baseline -0.001 -21"><span class='ocrx_word' id='word_1_218' title='bbox 178 3610 182 3617; x_wconf 61' lang='grc'><strong><em>,</em></strong></span> <span class='ocrx_word' id='word_1_219' title='bbox 274 3562 315 3609; x_wconf 89' lang='lat' dir='ltr'><strong>ac</strong></span> <span class='ocrx_word' id='word_1_220' title='bbox 336 3544 433 3630; x_wconf 81' lang='lat' dir='ltr'><strong>longe</strong></span> <span class='ocrx_word' id='word_1_221' title='bbox 454 3544 564 3630; x_wconf 88' lang='lat' dir='ltr'><strong>abest,</strong></span> <span class='ocrx_word' id='word_1_222' title='bbox 585 3555 620 3610; x_wconf 90' lang='lat' dir='ltr'><strong>ut</strong></span> <span class='ocrx_word' id='word_1_223' title='bbox 636 3563 792 3630; x_wconf 79' lang='lat' dir='ltr'><strong>nugarum</strong></span> <span class='ocrx_word' id='word_1_224' title='bbox 813 3544 960 3628; x_wconf 87' lang='lat' dir='ltr'><strong>illarum,</strong></span> <span class='ocrx_word' id='word_1_225' title='bbox 983 3544 1100 3629; x_wconf 87' lang='lat' dir='ltr'><strong>quibus</strong></span> <span class='ocrx_word' id='word_1_226' title='bbox 1114 3561 1231 3608; x_wconf 87' lang='lat' dir='ltr'><strong>amare</strong></span> <span class='ocrx_word' id='word_1_227' title='bbox 1245 3562 1313 3608; x_wconf 85' lang='lat' dir='ltr'><strong>rem</strong></span> 
     </span>
    </p>
   </div>
   <div class='ocr_carea' id='block_1_5' title="bbox 201 3648 1320 4045">
    <p class='ocr_par' dir='ltr' id='par_1_7' title="bbox 201 3648 1320 3941">
     <span class='ocr_line' id='line_1_32' title="bbox 276 3648 1320 3735; baseline 0.002 -24"><span class='ocrx_word' id='word_1_228' title='bbox 276 3648 464 3712; x_wconf 82' lang='lat' dir='ltr'><strong>vilissimam</strong></span> <span class='ocrx_word' id='word_1_229' title='bbox 494 3658 590 3733; x_wconf 88' lang='lat' dir='ltr'><strong>poeta</strong></span> <span class='ocrx_word' id='word_1_230' title='bbox 617 3650 680 3714; x_wconf 91' lang='lat' dir='ltr'><strong>sibi</strong></span> <span class='ocrx_word' id='word_1_231' title='bbox 707 3652 801 3716; x_wconf 84' lang='lat' dir='ltr'><strong>visus</strong></span> <span class='ocrx_word' id='word_1_232' title='bbox 833 3661 899 3735; x_wconf 86' lang='lat' dir='ltr'><strong>est,</strong></span> <span class='ocrx_word' id='word_1_233' title='bbox 930 3652 1106 3715; x_wconf 86' lang='lat' dir='ltr'><strong>novitatem</strong></span> <span class='ocrx_word' id='word_1_234' title='bbox 1134 3649 1320 3716; x_wconf 75' lang='lat' dir='ltr'><strong>Philoxene</strong></span> 
     </span>
     <span class='ocr_line' id='line_1_33' title="bbox 275 3748 1314 3836; baseline 0.003 -23"><span class='ocrx_word' id='word_1_235' title='bbox 275 3749 487 3815; x_wconf 87' lang='lat' dir='ltr'><strong>invideamus.</strong></span> <span class='ocrx_word' id='word_1_236' title='bbox 537 3748 604 3817; x_wconf 85' lang='lat' dir='ltr'><strong>Sed</strong></span> <span class='ocrx_word' id='word_1_237' title='bbox 638 3752 726 3836; x_wconf 87' lang='lat' dir='ltr'><strong>quad</strong></span> <span class='ocrx_word' id='word_1_238' title='bbox 753 3752 858 3818; x_wconf 80' lang='lat' dir='ltr'><strong>tirsius</strong></span> <span class='ocrx_word' id='word_1_239' title='bbox 891 3752 973 3818; x_wconf 83' lang='lat' dir='ltr'><strong>infra</strong></span> <span class='ocrx_word' id='word_1_240' title='bbox 1003 3754 1047 3818; x_wconf 92' lang='lat' dir='ltr'><strong>de</strong></span> <span class='ocrx_word' id='word_1_241' title='bbox 1067 3752 1231 3818; x_wconf 76' lang='lat' dir='ltr'><strong>convivio</strong></span> <span class='ocrx_word' id='word_1_242' title='bbox 1256 3750 1314 3817; x_wconf 90' lang='lat' dir='ltr'><strong>illo</strong></span> 
     </span>
     <span class='ocr_line' id='line_1_34' title="bbox 201 3853 1314 3941; baseline -0.001 -23"><span class='ocrx_word' id='word_1_243' title='bbox 201 3930 214 3941; x_wconf 65' lang='lat'>„</span> <span class='ocrx_word' id='word_1_244' title='bbox 276 3855 467 3938; x_wconf 87' lang='lat' dir='ltr'><strong>disputaturi</strong></span> <span class='ocrx_word' id='word_1_245' title='bbox 488 3875 620 3940; x_wconf 90' lang='lat' dir='ltr'><strong>sumus,</strong></span> <span class='ocrx_word' id='word_1_246' title='bbox 641 3859 744 3922; x_wconf 88' lang='lat' dir='ltr'><strong>satius</strong></span> <span class='ocrx_word' id='word_1_247' title='bbox 766 3857 917 3923; x_wconf 69' lang='lat' dir='ltr'><strong>dammas</strong></span> <span class='ocrx_word' id='word_1_248' title='bbox 939 3856 1100 3940; x_wconf 81' lang='lat' dir='ltr'><strong>indicare,</strong></span> <span class='ocrx_word' id='word_1_249' title='bbox 1122 3872 1220 3940; x_wconf 85' lang='lat' dir='ltr'><strong>quarn</strong></span> <span class='ocrx_word' id='word_1_250' title='bbox 1241 3853 1314 3938; x_wconf 88' lang='lat' dir='ltr'><strong>plu·</strong></span> 
     </span>
    </p>

    <p class='ocr_par' dir='ltr' id='par_1_8' title="bbox 274 3954 1314 4045">
     <span class='ocr_line' id='line_1_35' title="bbox 274 3954 1314 4045; baseline -0.001 -21"><span class='ocrx_word' id='word_1_251' title='bbox 274 3961 381 4044; x_wconf 87' lang='lat' dir='ltr'><strong>ribus,</strong></span> <span class='ocrx_word' id='word_1_252' title='bbox 403 3959 481 4045; x_wconf 84' lang='lat' dir='ltr'><strong>quitl</strong></span> <span class='ocrx_word' id='word_1_253' title='bbox 503 3958 544 4024; x_wconf 85' lang='lat' dir='ltr'><strong>de</strong></span> <span class='ocrx_word' id='word_1_254' title='bbox 565 3959 624 4023; x_wconf 89' lang='lat' dir='ltr'><strong>illc</strong></span> <span class='ocrx_word' id='word_1_255' title='bbox 645 3970 794 4043; x_wconf 87' lang='lat' dir='ltr'><strong>poemate</strong></span> <span class='ocrx_word' id='word_1_256' title='bbox 814 3970 1011 4043; x_wconf 86' lang='lat' dir='ltr'><strong>statuamus,</strong></span> <span class='ocrx_word' id='word_1_257' title='bbox 1033 3959 1195 4043; x_wconf 83' lang='lat' dir='ltr'><strong>persequi.</strong></span> <span class='ocrx_word' id='word_1_258' title='bbox 1237 3954 1314 4023; x_wconf 86' lang='lat' dir='ltr'><strong>Nan</strong></span> 
     </span>
    </p>
   </div>
   <div class='ocr_carea' id='block_1_6' title="bbox 0 0 1462 4860">
    <p class='ocr_par' dir='ltr' id='par_1_9' title="bbox 0 0 1462 4860">
     <span class='ocr_line' id='line_1_36' title="bbox 0 0 1462 4860; baseline 0 2"><span class='ocrx_word' id='word_1_259' title='bbox 0 0 1462 4860; x_wconf 95' lang='lat' dir='ltr'><strong> </strong></span> 
     </span>
    </p>
   </div>
  </div>
 </body>
</html>
