2916 4860
230 398 258 489 6.

229 574 316 636 inter
336 588 440 637 annos
462 571 527 637 435
556 579 589 633 et
607 569 674 633 424
700 588 728 634 a.
752 568 843 653 Chr,
870 567 917 648 (li.
939 587 966 632 c.
995 569 1078 633 inter
1100 567 1270 636 Philoxeni

233 693 351 738 annum
369 672 508 737 natalem
524 672 621 756 idque
637 680 778 756 tempus,
800 688 866 755 quo
880 671 995 737 Niciae
1010 674 1173 758 expeditio
1186 675 1270 738 lacta

230 786 298 850 esti
320 778 481 842 accidisse
497 785 638 841 statuunt
661 775 817 859 (Bippart.
835 797 867 861 p.
886 776 966 856 etti
997 775 1123 842 Vereor
1140 797 1180 842 ne
1200 777 1269 841 lon·

231 883 366 968 gissime
399 901 418 945 a
447 899 529 945 vero
557 879 670 943 absint.
715 877 797 942 Nam
828 878 999 965 Cytherios
1028 882 1105 944 suis
1125 882 1269 962 ipsorum

232 986 350 1070 opibus
372 985 490 1066 fretos,
520 1004 617 1067 quum
641 1002 682 1046 ne
704 983 833 1048 minima
855 984 983 1068 quidem
1005 998 1093 1048 esset
1116 988 1270 1050 victoriae

232 1107 326 1172 spes,
358 1087 537 1151 rebellasse
570 1087 643 1169 quis
677 1085 817 1167 audivit,
859 1088 933 1170 quis
965 1087 1162 1151 crediderit?
1216 1089 1270 1153 An

232 1192 385 1273 Suidam‚
407 1191 494 1276 quod
517 1192 571 1254 uni
594 1190 728 1254 alterive
750 1190 807 1254 illo
830 1199 989 1274 tempore,
1012 1193 1165 1255 incertum
1187 1212 1269 1277 quas

232 1297 275 1360 ob
298 1315 415 1360 causas
438 1295 607 1376 acciderit,
632 1304 754 1359 temere
776 1295 815 1358 ad
839 1314 952 1359 omnes
975 1293 1144 1381 Cytherios
1166 1307 1270 1361 trans·

231 1399 347 1463 tulisse
369 1408 546 1463 statuamus
569 1398 616 1474 (id
639 1396 804 1463 Meinekio
827 1401 933 1462 visum
956 1410 1021 1482 est,
1045 1401 1084 1464 ct'.
1108 1400 1269 1485 Berglein.

231 1521 263 1584 p.
287 1501 348 1579 itt
391 1501 516 1564 Licebit
544 1498 585 1562 ah
615 1519 653 1562 ea
684 1503 737 1564 via
760 1501 937 1585 abstinere,
971 1503 1045 1567 dum
1075 1503 1136 1567 alia
1159 1516 1270 1587 patere

231 1607 389 1670 videatur.
445 1592 547 1687 Quam
580 1605 753 1689 diligenter
793 1608 1135 1689 circumspectantibus
1175 1606 1271 1670 nobis

232 1712 348 1794 aperiri
371 1711 627 1803 equidemputo.
670 1709 753 1774 Nam
776 1709 944 1795 Spartanis
974 1711 1122 1776 audimus
1144 1711 1270 1775 insulae

122 1821 132 1828 ’
226 1800 484 1900 οοουρᾶῐίοιιεηὶ
497 1814 669 1878 admodum
692 1815 899 1897 improvisam
923 1824 954 1878 et
976 1817 1198 1898 necopinatam
1219 1815 1269 1878 iu·

231 1922 306 1982 isse
321 1918 436 1994 (Thus.
460 1916 515 1999 tv,
537 1920 612 1998 55),
636 1935 676 1979 eo
699 1920 820 2001 magis,
844 1936 908 2002 quo
931 1919 1085 2001 majorem
1108 1921 1140 1981 in
1164 1918 1271 1984 insula

231 2021 393 2103 pracsidio
405 2018 616 2083 custodienda
628 2038 735 2083 curam
747 2019 957 2087 adhibuerant
969 2022 1082 2098 (Thus.
1094 2022 1149 2106 tv,
1161 2025 1219 2098 53)
1233 2024 1270 2104 ⁰),

232 2142 330 2206 quum
353 2120 429 2206 quid
451 2121 554 2191 hostis
577 2119 723 2206 Cytheris
752 2124 873 2204 potitus
900 2124 1030 2188 efficere
1052 2134 1163 2210 posset
1185 2124 1271 2188 haud

233 2242 291 2288 eos
323 2225 500 2308 fugeret').
554 2224 627 2305 Quo
667 2224 784 2288 lactum
818 2227 878 2310 sit,
923 2238 975 2310 ut,
1019 2246 1212 2312 quamquam
1252 2246 1271 2288 a

231 2329 496 2394 Lacedaemoniis
527 2331 651 2411 omnia,
682 2349 765 2414 quae
795 2331 837 2394 ad
860 2329 1037 2395 custodiam
1060 2331 1133 2392 usui
1156 2331 1270 2408 forent,

232 2445 324 2498 erant
344 2435 491 2517 provisa,
520 2442 608 2496 tanta
635 2433 790 2496 facilitate
812 2430 1030 2497 Athenienses
1057 2430 1166 2495 insula
1187 2431 1269 2512 poti·

231 2544 419 2617 rentur‚.ut
444 2553 486 2597 ne
515 2543 609 2616 caput
639 2534 768 2618 quidem
790 2535 933 2618 insulae,
967 2534 1053 2619 quod
1077 2536 1149 2597 sinc
1172 2533 1270 2597 dubio
1312 2584 1315 2591 ,

228 2641 387 2703 munitum
419 2647 506 2720 erat,
540 2637 780 2722 defenderetur,
812 2639 1016 2725 Thucydides
1045 2639 1173 2723 quidem
1202 2656 1270 2702 non

227 2740 353 2805 diserte
374 2750 496 2822 namet,
524 2738 600 2804 lacit
621 2749 745 2825 tamen,
775 2753 810 2806 ut
836 2742 994 2827 colligere
1022 2744 1141 2826 possis.
1185 2741 1269 2805 Nam
1348 2800 1361 2824 ,
1450 2798 1451 2811 ,

231 2851 404 2927 antequam
434 2841 511 2907 belli
538 2841 695 2906 sonunam
726 2847 959 2929 experirentur,
982 2846 1128 2910 nonnulli
1150 2843 1269 2930 Cythe-

230 2949 353 3012 riorum
375 2951 456 3028 (non
477 2945 727 3031 Spartanorum,
752 2942 808 3033 qui
829 2950 994 3032 praesidio
1016 2949 1143 3014 insulae
1165 2950 1268 3027 erant)

232 3053 266 3114 in
288 3050 484 3135 colloquium
505 3069 579 3113 cum
601 3048 694 3114 Nicia
716 3053 858 3115 coierant
884 3051 999 3130 (Thur.
1023 3050 1078 3131 lv,
1100 3053 1173 3130 54),
1204 3067 1268 3134 quo

231 3155 349 3219 factum
373 3165 440 3236 est,
462 3165 498 3218 ut
520 3164 552 3217 et
566 3152 725 3236 extemplo
740 3163 772 3216 et
786 3146 900 3236 postea
912 3152 1039 3217 facilius
1054 3152 1269 3216 commodius·

233 3275 297 3341 que
319 3256 360 3321 de
381 3256 519 3338 singulis
548 3257 633 3338 pacti
658 3256 816 3338 capitibus
845 3258 928 3320 inter
957 3267 1123 3339 utramque
1146 3267 1269 3340 partem

233 3361 433 3426 conveniret.
476 3359 510 3424 ln
534 3378 598 3444 qua
618 3379 654 3423 re
676 3379 740 3424 non
768 3361 862 3444 longe
886 3361 978 3426 abest
999 3363 1075 3446 quin
1098 3362 1138 3424 de
1160 3360 1268 3442 prodi-

139 3517 147 3529 .
228 3467 319 3529 tione
342 3466 528 3551 cogitemus,
563 3463 646 3529 Nam
669 3465 815 3549 equidem
835 3485 932 3551 quum
950 3465 1135 3548 diligentius
1157 3465 1190 3526 in
1212 3462 1270 3526 illo

232 3566 445 3654 Thucydideo
455 3567 529 3633 loco
541 3570 711 3654 versabar,
734 3570 775 3634 ad
791 3591 862 3634 eain
874 3570 1058 3634 deducebar
1069 3570 1269 3648 sententiam,

226 3682 267 3736 ut
299 3671 472 3736 nonnullos
505 3673 720 3737 existimarem
750 3671 992 3757 Cytheriorum,
1025 3672 1165 3735 sortasse
1199 3690 1270 3753 eos,

231 3776 287 3861 qui
309 3778 498 3841 auctoritate
514 3777 683 3860 plurimum
699 3776 860 3859 valerent,
883 3778 925 3841 ab
941 3777 1079 3842 ducibus
1090 3776 1268 3841 Athenien·

230 3880 316 3945 sium
338 3879 380 3944 ad
402 3879 614 3945 desectionem
637 3899 712 3945 esse
733 3882 883 3944 incitatos
909 3900 1047 3967 eosque,
1076 3901 1269 3967 quamquam

234 3993 344 4049 essem
365 3985 479 4067 etiam,
501 3986 556 4068 qui
578 3982 673 4047 fidem
686 3982 856 4068 Spartanis
872 3993 1056 4068 servarent,
1079 3986 1145 4050 vim
1161 3984 1269 4049 datam
