2916 4860
244 403 287 466 60

333 574 369 647 7)
390 571 439 637 ct.
473 575 648 639 orationem
681 597 701 640 a
728 574 901 642 Demarato
929 599 1007 665 rege
1036 578 1077 642 ad
1108 577 1280 643 Persarum

246 698 356 764 regem
379 678 517 742 habitam
541 700 591 763 ap.
616 679 768 745 Herodot.
792 680 866 759 Vll,
888 682 961 747 235.
985 718 1026 730 -

331 786 367 860 8)
390 783 440 846 De
463 786 601 849 nominis
631 784 811 868 significatu
834 786 899 850 vid.
922 785 1081 871 Berglein.
1104 806 1135 869 p.
1154 786 1195 874 8,
1224 785 1281 868 qui

246 888 281 952 id
302 887 343 951 ad
366 887 541 952 sollertiam
564 900 596 952 et
617 890 833 953 assiduitatem
856 900 1002 973 spectare
1024 899 1119 972 putat.
1141 887 1250 952 Recte.

333 1015 368 1089 9)
391 1010 441 1072 De
469 1032 532 1096 quo
561 1012 625 1075 vid.
648 1013 740 1078 Suid.
764 1035 794 1077 v.
817 1012 1005 1077 Maiarum.
1027 1013 1164 1098 θυγατρ.
1208 1009 1282 1074 Non

247 1114 491 1179 confundendus
513 1127 560 1179 est
583 1136 656 1180 cum
678 1117 800 1202 majore
820 1116 1055 1199 Melanippide,
1079 1118 1132 1200 qui
1156 1114 1285 1178 circiter

249 1216 299 1282 Ol.
330 1217 427 1281 LXV.
456 1218 572 1282 floruit.
618 1218 667 1283 Cf.
691 1219 916 1285 Wachsmuth.
946 1219 1020 1283 hell.
1050 1218 1282 1283 Alterthurnsk‘.

248 1322 262 1386 l
301 1325 323 1386 2
386 1325 490 1388 .323.
513 1360 553 1369 -
604 1345 607 1351 ’

270 1369 280 1405 '
331 1343 392 1520 iti)
415 1443 462 1508 Cl'.
484 1443 631 1526 Xenoph.
655 1441 830 1508 Memorah.
854 1443 884 1524 l,
905 1447 944 1527 4,
967 1448 1005 1511 3:
1040 1441 1097 1509 ἐπὶ
1116 1441 1176 1526 μὲν
1195 1439 1286 1508 ἐπῶν

134 1623 138 1629 .
249 1538 379 1634 ποιήσει
393 1542 531 1634 Ὅμηρον
551 1538 691 1629 μάλιστα
711 1538 920 1628 τεθαύμακα,
947 1544 1003 1613 ἐπὶ
1025 1545 1062 1613 δὲ
1084 1540 1284 1636 διθυραμβῳ

248 1645 509 1736 Μελανιππίδην.

336 1774 392 1849 11)
417 1771 466 1836 Cf.
481 1772 576 1836 Diod.
592 1770 657 1836 Sic.
672 1771 759 1855 XIV,
782 1793 810 1836 c.
829 1777 906 1839 tut:
930 1764 1129 1850 (Διονύσιος)
1152 1762 1285 1861 σφόδρα

248 1872 296 1952 εἷς
317 1869 375 1963 τῆν
394 1873 565 1973 ποιητικήν
584 1868 710 1966 ὑπῆρχε
730 1867 891 1964 μεμηνώς.
926 1878 999 1963 XV,
1022 1882 1052 1943 6.
1087 1879 1204 1943 Athen.
1226 1879 1284 1960 ΙΧ,
1387 1880 1390 1885 “

248 2000 280 2062 p.
301 1981 360 2044 401
388 1990 467 2041 extr.
484 1997 611 2067 carmen
629 1990 782 2043 memorat
797 1979 962 2066 Dionysii,
985 1983 1142 2047 Adonidis
1157 1984 1286 2064 nomine

251 2085 446 2166 inscriptum.
492 2083 557 2148 Cic.
579 2082 681 2148 'lusu‘
700 2084 739 2169 V,
761 2090 819 2150 2⁴2:
845 2084 1042 2151 Musicorum
1065 2086 1284 2173 (Dionysium)

250 2187 487 2273 perstudiosum
518 2190 717 2272 accepimus,
747 2203 871 2274 poetam
900 2195 995 2258 etiam
1024 2188 1190 2275 tragicum.
1234 2190 1286 2255 De

250 2294 377 2376 poetica
400 2289 548 2377 Dionysii
571 2292 721 2356 facultate
749 2292 788 2357 cf.
812 2294 943 2358 Lucian.
973 2295 1014 2381 dc
1036 2314 1102 2358 non
1124 2294 1210 2358 cred.
1232 2310 1286 2357 ca·

250 2396 347 2461 lumn.
366 2415 393 2459 c.
407 2399 458 2461 14.
480 2396 640 2461 Ammian.
651 2396 750 2461 Maro.
762 2396 836 2477 XV,
852 2402 882 2461 5.
894 2396 962 2462 Cic.
975 2397 1014 2461 ad
1026 2394 1122 2461 Attio.
1134 2396 1189 2495 IV,
1201 2396 1231 2461 6.
1243 2388 1285 2446 -‘-

340 2520 393 2593 12)
421 2514 486 2580 cfr.
521 2538 602 2602 quae
633 2516 747 2582 Cicero
782 2520 857 2582 dicit
888 2520 985 2583 'susc
1020 2520 1040 2582 l.
1074 2519 1112 2584 l.:
1156 2516 1190 2583 ln
1222 2519 1285 2583 hoc

252 2641 372 2704 genere
405 2621 517 2682 nescio
550 2639 613 2704 quo
647 2631 741 2704 pacto
769 2624 873 2706 magis
902 2642 998 2706 quarn
1027 2624 1060 2685 in
1091 2622 1164 2685 aliis
1192 2643 1285 2685 suum

252 2726 368 2809 cuique
391 2723 559 2807 pulchrum
582 2736 640 2789 cst.
673 2723 790 2792 Adhuc
812 2728 970 2791 neminem
992 2716 1131 2811 cognovi
1146 2738 1286 2811 poetam,
1383 2782 1387 2787 .

251 2828 308 2915 qui
330 2828 392 2891 sibi
414 2845 479 2890 non
502 2828 638 2910 optimus
661 2830 833 2894 videretur.
1249 2820 1253 2827 ⁸

340 2951 394 3028 13)
417 2950 467 3014 De
495 2949 633 3017 latomiis
665 2951 727 3015 vid.
751 2949 818 3015 Cic.
847 2954 881 3016 in
903 2952 1006 3041 Verr.
1024 2954 1063 3033 5,
1087 2952 1139 3014 27.
1184 2948 1285 3015 Thuc.

251 3053 325 3138 Vll,
348 3055 400 3119 87.
445 3053 585 3137 Bippart.
608 3077 639 3139 p.
662 3058 714 3120 26.
758 3056 936 3142 Dionysius
960 3055 1123 3135 latomiae,
1152 3055 1286 3143 pristina

250 3158 351 3229 forma
373 3169 507 3239 mutata,
530 3161 633 3244 magis
657 3158 847 3223 habitabiles
869 3159 1024 3241 reddidit,
1048 3159 1088 3223 de
1107 3178 1169 3242 qua
1187 3177 1222 3221 re
1244 3157 1285 3239 cf.

251 3260 400 3351 Perizou.
423 3262 462 3324 ad
484 3262 613 3327 Aelian.
638 3259 676 3324 V.
689 3261 739 3325 H.
756 3261 832 3342 Xll,
854 3264 906 3325 44.
951 3260 1019 3326 Una
1043 3261 1286 3345 lapicidinarum

252 3362 407 3451 spelunca
429 3385 448 3429 a
471 3364 650 3431 Philoxeno
672 3383 790 3428 nomen
812 3366 945 3449 accepit.
980 3363 1107 3429 Aelian.
1131 3365 1149 3428 Ι.
1173 3363 1193 3427 l.
1217 3398 1257 3410 -

341 3486 397 3552 14)
419 3481 505 3547 Fusa
525 3483 609 3551 hacc
630 3495 797 3555 narrantur
818 3507 836 3550 a
859 3487 1005 3553 Diodoro
1023 3485 1095 3566 XV,
1118 3490 1148 3553 6.
1183 3485 1287 3553 Suida

252 3610 283 3652 v.
307 3577 413 3671 ἔπαγε
434 3598 465 3650 et
487 3581 534 3662 εἰς
555 3583 719 3667 λατομίας.
763 3588 920 3655 Ammian.
950 3590 1130 3657 Marcellin.
1152 3588 1226 3671 XV,
1254 3593 1286 3656 5.

251 3693 297 3757 lta
320 3689 517 3771 Philoxenus
538 3691 592 3757 itta
614 3711 650 3755 re
672 3693 838 3776 inclaruit,
861 3706 894 3761 ut
916 3694 1015 3758 verba
1041 3685 1163 3777 »ἄπαγε
1176 3714 1218 3774 με
1239 3688 1287 3768 εἰς

252 3790 312 3873 τὰς
332 3792 505 3877 laconice«
536 3797 568 3859 in
592 3796 752 3878 proverbii
776 3793 1051 3861 consuetudinem
1065 3798 1210 3865 venirent
1230 3792 1287 3863 ἐπί

253 3902 317 3973 τῶν
336 3897 382 3989 μή
403 3890 635 3989 ὑποφερόντων
656 3893 697 3969 τὰ
716 3891 838 3982 dedito.
873 3898 962 3973 Suid.
996 3899 1050 3964 Ad
1063 3899 1200 3965 eandem
1218 3920 1285 3962 rem

253 4008 368 4073 alludit
388 4008 518 4072 Lucian.
542 4006 582 4069 de
605 4005 744 4077 mer-eat.
764 4005 911 4077 conduct,
931 4025 962 4073 u.
987 4003 1046 4085 35,
1063 3995 1209 4099 pacta,
1230 3996 1286 4073 ἐὰν
