2916 4860
1162 451 1205 517 tu

166 618 283 685 melius
305 629 429 702 nutem,
451 637 546 704 qnam
568 617 680 702 Plato,
705 618 937 704 Aristophanes
959 621 1001 687 de
1020 620 1203 689 Philoxeno

161 722 332 809 judicasse
348 722 490 806 videtur,
511 724 566 807 qui
584 720 785 788 nobilissima
802 724 873 810 ejus
892 727 1043 811 carmina,
1063 727 1098 792 in
1108 725 1203 792 Pluto

153 835 210 906 [tv.
241 831 323 906 ι290)
359 826 552 913 Cyclopem,
591 828 624 892 in
662 825 902 894 Ecoleeiazusis
916 831 958 911 ⁴¹)
999 828 1203 914 Conuiuium

165 935 292 1018 peregit
313 942 408 1017 attpre
430 933 462 1015 in
484 929 547 995 lrac
567 931 697 1016 quidem
718 931 827 997 inbuie
849 952 935 997 nova
953 932 1011 997 ille
1032 933 1203 999 verborum

166 1047 308 1101 monstro
330 1035 532 1120 perstringit,
554 1055 639 1120 quoe
660 1035 885 1101 etPlriloxeno
907 1047 940 1101 et
961 1038 1078 1104 ceteris
1098 1037 1202 1124 ddlry·
1300 1064 1302 1071 ·

166 1140 370 1223 rambopoeis
382 1139 564 1224 ambiguam
576 1150 843 1221 comparaverunt
853 1140 999 1233 glorium.
1025 1141 1203 1226 Antiphani

166 1253 272 1306 autem
298 1241 366 1306 lroc
394 1242 449 1305 dut
476 1245 736 1328 excusationem,
768 1246 855 1329 quod
876 1255 1041 1329 poetarum
1062 1247 1126 1331 ipsi
1148 1264 1202 1312 oe·

165 1345 324 1430 qualium,
357 1345 412 1428 qui
445 1343 559 1410 alienis
593 1347 697 1410 ornati
729 1345 878 1427 bonis⁴²l
909 1349 1028 1414 misere
1059 1351 1203 1414 ommino

37 1506 45 1521 ,
143 1446 364 1529 condonent,
392 1456 479 1511 tantu
503 1459 571 1513 erut
592 1449 742 1530 miseria,
770 1459 806 1513 nt
831 1468 874 1513 ex
892 1468 1007 1516 eorum
1028 1450 1203 1520 collatione

165 1550 206 1613 nd
229 1549 433 1632 superiorum
453 1549 692 1616 admirationem
714 1551 891 1616 duceretur.
934 1550 1016 1617 Nam
1043 1562 1118 1638 post
1138 1563 1204 1619 tent

166 1652 371 1736 praecipitem
398 1671 504 1715 rerum
534 1653 703 1735 delapsum
732 1655 891 1737 integrum
916 1674 1097 1741 sonumque
1118 1655 1204 1742 jndi-

164 1758 250 1821 cinm
271 1755 396 1820 servari
418 1756 475 1818 vix
495 1765 634 1839 poterut,
656 1765 763 1840 etque,
786 1758 842 1839 qui
863 1767 913 1820 est
933 1756 1099 1822 hominnm
1119 1777 1202 1839 mos,

166 1868 200 1921 ut
220 1878 262 1922 ex
282 1844 444 1942 praesenti
471 1859 603 1923 miseria
624 1857 665 1923 sd
687 1861 926 1941 praeteritarum
953 1879 1059 1925 rerum
1081 1878 1203 1926 memo·

167 1964 246 2026 riom
266 1961 469 2046 confugiunt,
490 1962 538 2027 illi
559 1962 640 2046 ipsi,
663 1963 717 2046 (pri
734 1961 854 2046 aliquio
870 1963 998 2046 priscae
1012 1964 1203 2048 integritatis

167 2068 311 2149 retinuit,
333 2069 477 2152 proxima
499 2067 785 2151 quaeque‚.modo
806 2066 992 2130 novissimis
1014 2066 1115 2130 rebus
1135 2084 1203 2130 me-

168 2170 249 2234 liuro
271 2170 348 2251 sint,
369 2170 455 2234 bona
476 2167 682 2253 perfectoque
704 2167 806 2231 videri
828 2167 943 2231 solent.
966 2202 1007 2213 -

256 2272 306 2337 De
319 2284 507 2354 metrorum,
529 2270 648 2356 quibus
660 2269 860 2335 Philoxenus
874 2288 948 2333 cum
963 2270 1080 2333 ceteris
1095 2269 1203 2357 ditlry·

166 2372 410 2460 rembogrephis
432 2395 513 2440 usus
535 2375 592 2456 eit,
614 2374 739 2437 ratione
760 2370 930 2456 postquam
952 2370 1077 2436 oViris
1097 2371 1202 2438 doctis

166 2480 408 2545 eoeurntissime
430 2479 624 2562 disputatum
646 2489 696 2543 est
721 2476 799 2555 (cfr.
819 2478 984 2565 Berglein.
1006 2499 1037 2562 p.
1059 2480 1103 2544 27
1125 2487 1202 2564 erp),

69 2652 72 2659 ¹
165 2584 457 2665 peucemonuisse
475 2569 529 2646 vil
541 2582 659 2666 potius
680 2582 853 2664 repetiisse
864 2583 945 2647 sutis
959 2593 1018 2647 est.
1051 2582 1204 2647 Numerio

166 2688 250 2750 enim
273 2686 492 2772 Philoxenus,
521 2697 672 2772 quantum
701 2686 832 2770 quidem
860 2704 902 2748 ex
931 2683 1204 2771 dithymmborum

166 2789 356 2875 fragmentis
374 2792 529 2874 cognosci
551 2799 673 2873 potest,
696 2784 777 2852 u'sus
793 2797 843 2852 est
864 2804 929 2850 non
951 2786 1123 2851 admodum
1144 2788 1203 2851 im·

165 2894 279 2979 peditis
302 2913 363 2959 nec
385 2905 495 2960 contra
517 2894 608 2978 leges
628 2892 729 2974 fictis,
762 2890 823 2956 sed
849 2892 939 2954 varie
968 2890 1010 2954 ad
1037 2889 1203 2954 libidinem
1315 2909 1317 2914 ·

166 3000 272 3062 mixtis
295 3009 391 3082 atque
413 2999 485 3063 sine
505 2997 571 3066 ulla
594 2994 833 3061 intermissione
860 2993 1013 3056 continuo
1035 3001 1068 3055 et
1088 2992 1204 3057 leviter

165 3100 349 3165 liuentibus.
405 3099 476 3164 line
513 3110 588 3165 sunt
626 3100 703 3164 illae
743 3089 901 3180 ἅναβολοὶ
939 3095 1024 3179 apud
1066 3094 1203 3161 Arietoc

166 3202 258 3267 eret.
286 3203 316 3284 1,
344 3204 367 3268 9
395 3205 461 3268 init.
495 3201 593 3286 (λέξις
620 3197 771 3291 εἰρομένη
799 3198 921 3283 καὶτῷ
942 3191 1112 3281 συνδέσμῳ
1133 3194 1202 3280 pta,

166 3300 279 3394 ὥσπερ
300 3301 334 3372 οἱ
355 3302 390 3371 s'r
416 3310 486 3382 τοῖς
515 3298 734 3397 διθυράμβοις
762 3298 925 3388 medulco
954 3299 1036 3389 idom
1059 3301 1097 3370 δὲ
1119 3300 1203 3393 εἰρο-

164 3405 275 3496 μένην,
319 3406 340 3498 ἥ
380 3401 477 3475 criden
506 3404 573 3491 ἔχει
603 3409 697 3488 τέλος
729 3401 808 3476 καθ’
847 3399 962 3495 αὐτὴν,
1007 3399 1047 3474 ἄν
1083 3402 1131 3495 μή
1162 3401 1204 3474 τὰ

164 3513 300 3599 πρᾶγμα
332 3505 500 3598 minoe
530 3513 707 3602 τελειωθῇ)
740 3532 758 3576 n
792 3506 1087 3595 dithyrambopoeis
1120 3512 1202 3574 nnti-

165 3615 369 3698 stroplmrum
390 3615 465 3679 loco
486 3625 635 3699 receptae
656 3613 759 3692 (Male
772 3611 961 3678 Aristotelis
981 3611 1087 3676 locum
1108 3611 1203 3676 intel-

164 3717 242 3781 lexit
257 3715 366 3782 Ulrici.
386 3715 506 3803 Geneh.
529 3716 560 3781 d.
582 3715 730 3781 nullm.
752 3716 799 3799 ll,
821 3713 956 3800 pm).
988 3713 1081 3780 Tulin
1101 3722 1204 3779 metra

164 3820 207 3884 nb
229 3839 269 3884 ea
289 3814 526 3904 pulchritudine
544 3830 577 3885 et
598 3821 775 3907 gravitate,
796 3837 858 3903 quo
874 3819 1016 3900 priorum
1029 3817 1202 3904 lyricorum

163 3935 265 3987 metro
291 3925 433 4010 insignia
459 3934 551 4008 sunt,
568 3922 702 4013 ¹ulreese
729 3920 920 4006 longissime
946 3937 1010 3983 non
1038 3928 1089 3984 est
1115 3916 1204 4004 qnod

164 4043 321 4090 monenm.
355 4024 508 4091 Veterum
530 4027 614 4092 enim
636 4022 951 4110 praestantissimos,
971 4030 1007 4086 ut
1017 4021 1203 4105 Pindarum,

941 4126 995 4192 ᾖ*
