2916 4860
264 395 308 476 aa

265 561 454 646 amplificata
483 581 635 626 sonorum
658 562 812 625 reumate
842 562 984 625 musicae
1010 561 1149 627 senilitas
1172 573 1239 627 erat
1261 564 1304 629 ad

264 668 371 729 varias
399 685 451 739 res
481 686 517 728 se
548 666 688 747 fingendi
708 674 750 728 =ct
779 682 959 745 personas
982 658 1039 728 eas
1069 667 1229 748 imitandi,
1262 688 1303 732 eo

264 770 370 831 minus
398 769 439 831 ab
467 788 575 832 earum
598 787 704 830 rerum
733 766 909 830 imitatione
931 767 1150 848 abstinebant,
1184 770 1303 852 quibus

265 870 348 934 effici
371 891 470 954 posse
496 870 675 952 videretur,
706 880 742 933 ut
762 870 850 933 velut
880 873 913 934 in
934 884 1135 954 praesentem
1159 893 1224 937 rem
1246 895 1305 938 au·

265 975 390 1038 dientes
413 975 649 1057 perduceretur.
694 974 788 1037 Plato
810 974 939 1057 quidem
968 973 1093 1057 (Repbl.
1120 996 1151 1057 p.
1174 978 1239 1041 396
1261 977 1303 1054 Β)

262 1075 364 1141 fuisse
384 1060 548 1158 perhibet,
571 1077 625 1158 qui
648 1095 802 1160 equorum
822 1077 993 1159 hinnitum,
1016 1076 1112 1141 bourn
1136 1081 1302 1163 mugitum,

264 1180 450 1247 torrentium
473 1178 648 1260 fremitum,
678 1178 877 1260 tonitrusque
903 1177 1066 1260 fragorem
1089 1175 1304 1260 i'mitarentur3

263 1281 340 1365 quid
363 1282 461 1364 igitur
483 1281 629 1364 impedit,
652 1279 827 1365 quominus
850 1280 944 1343 etiarn
958 1280 1173 1347 Philoxenum
1195 1285 1302 1366 suspi-

260 1404 374 1449 cemur
392 1385 538 1449 similiter
556 1388 681 1449 musica
696 1404 789 1446 usum
806 1384 905 1446 variis
921 1385 1094 1469 mixtisque
1108 1404 1303 1469 organorum

128 1538 130 1545 ,
182 1520 185 1527 ·
263 1490 353 1550 sonis
377 1489 485 1551 varias
508 1489 686 1569 pecudum,
717 1485 835 1569 quibus
864 1497 1014 1571 tanquam
1037 1488 1137 1551 sociis
1160 1487 1303 1572 Cyclops

264 1610 389 1654 amores
420 1610 497 1654 suos
530 1590 682 1674 injecisse
712 1588 943 1671 fingebatur⁸⁸)
974 1584 1188 1667 (Hermesian'.
1218 1590 1302 1673 eleg.

263 1715 312 1778 ap.
328 1695 478 1771 Athen),
501 1713 601 1758 voces
625 1694 827 1777 expressisse
843 1691 1087 1775 conjunctisque
1111 1692 1247 1756 mimicis
1270 1702 1303 1755 et

263 1800 396 1865 musicis
419 1799 559 1883 artificiis
583 1799 613 1861 id
637 1798 804 1879 effecisse,
839 1806 872 1859 ut
893 1795 1061 1881 cyclopem
1083 1816 1154 1859 curn
1179 1795 1301 1867 hoedo·

261 1920 334 1964 rum
346 1911 378 1964 et
388 1918 556 1983 caprarum
569 1901 716 1984 aliusque
727 1898 861 1983 pecudis
873 1918 972 1983 grege
987 1898 1125 1980 halante,
1147 1900 1301 1962 metiente

260 2004 325 2068 tuis
347 2003 451 2066 oeulis
474 2022 607 2066 cernere
629 2003 685 2066 tibi
710 2002 877 2065 videreris.
895 2035 935 2045 —-
1125 2074 1128 2079 γ

349 2107 455 2191 Haec,
480 2127 573 2191 quam
598 2107 691 2170 modo
711 2106 917 2186 adumbravi,
941 2103 1213 2188 dithyramburum
1229 2123 1302 2186 spe-

262 2212 331 2274 cies
361 2212 540 2293 comparari
568 2218 675 2293 potest
704 2228 776 2273 cum
809 2208 947 2271 mimicis
979 2204 1045 2269 illis
1079 2205 1185 2286 ludis,
1218 2224 1301 2290 quos

259 2313 496 2394 posterioribus
526 2312 723 2395 temporibus
754 2310 998 2392 acceptissimos
1019 2307 1182 2372 Lucienus
1208 2310 1242 2372 in
1261 2309 1300 2371 li·

260 2415 365 2499 bello,
388 2418 442 2500 qui
465 2426 515 2479 est
538 2417 578 2478 de
600 2415 789 2496 saltatione,
812 2415 992 2495 descripsit.
1030 2412 1169 2476 interluit
1194 2423 1299 2477 antem

258 2517 343 2598 hoc,
373 2518 460 2600 qaod
483 2516 652 2579 Philoxeni
682 2517 877 2597 temporibus
907 2525 1020 2578 cantus
1042 2514 1248 2597 praevalebat
1269 2526 1301 2585 et

264 2618 429 2702 regnabat,
453 2620 568 2682 comite
583 2621 675 2703 quasi
692 2618 839 2700 adjuncta
854 2617 1025 2681 saltatione
1032 2638 1043 2699 3
1065 2630 1178 2700 postea
1194 2629 1299 2679 autem

261 2740 303 2782 ea
318 2721 523 2782 comnmtatio
538 2720 621 2784 hacta
637 2731 696 2802 est,
717 2734 749 2783 ut
762 2721 871 2803 primis
884 2721 1026 2802 partibus
1042 2722 1081 2783 ad
1098 2721 1300 2784 saltationem

260 2821 395 2904 delatis,
418 2841 500 2905 quae
518 2842 614 2906 quum
627 2820 928 2904 Socratis'tempore
945 2828 976 2885 in
989 2817 1190 2887 incunabulis
1203 2835 1300 2905 esset,

263 2936 453 2996 senescente
486 2927 555 3008 ipsa
591 2927 683 3007 poesi
717 2928 796 2987 miro
830 2927 926 2987 modo
961 2930 1062 2990 crevit
1095 2939 1125 2988 et
1159 2927 1300 2991 adolevit

262 3029 410 3106 (Luciam
440 3029 480 3089 de
510 3029 580 3092 salt.
604 3049 631 3090 c.
655 3030 730 3111 35),
765 3040 896 3111 cantus,
929 3032 984 3114 qui
1014 3020 1163 3114 regnarat
1194 3043 1299 3113 antea,

261 3135 303 3196 ad
325 3132 510 3196 inferiorem
534 3126 594 3195 vel
609 3132 748 3196 infimum
768 3133 873 3198 locum
896 3134 1117 3198 detruderetur
1138 3145 1234 3217 atque
1256 3136 1299 3198 ita

261 3239 364 3319 magis
388 3237 553 3319 iringisque
575 3237 754 3316 recederet,
777 3246 827 3317 ut,
851 3255 948 3319 quum
966 3252 1030 3298 non
1048 3220 1235 3299 necessario
1257 3236 1298 3299 ad

259 3340 376 3402 mimos
400 3340 585 3421 pertineret,
616 3340 668 3401 vel
693 3339 789 3420 abjici
820 3340 947 3402 omnino
971 3350 1091 3420 posset.
1137 3338 1178 3401 At
1200 3338 1298 3401 modo

261 3443 323 3507 boc
345 3455 530 3524 teneamus,
559 3445 670 3506 nescio
699 3463 740 3504 an
763 3461 834 3505 cum
857 3442 946 3505 nullo
971 3462 1092 3525 genere
1114 3445 1221 3526 aptius
1243 3443 1299 3506 illa

259 3546 532 3631 dithyramborum
555 3544 656 3609 forma
680 3549 857 3629 comparari
880 3546 1000 3629 possit,
1023 3565 1117 3630 quam
1141 3566 1213 3611 cum
1235 3548 1298 3612 boc

260 3668 380 3732 genere
407 3650 582 3712 mimorum.
634 3646 716 3710 Nam
745 3660 931 3732 argumenta
960 3650 1048 3712 mimi
1075 3650 1225 3731 petebant
1252 3669 1298 3733 ,ex

260 3752 377 3816 tabulis
399 3762 573 3834 vetereque
596 3750 725 3815 historin
750 3751 895 3827 (Lucina.
920 3774 948 3818 c.
971 3755 1023 3819 st.
1046 3755 1120 3833 31),
1147 3774 1245 3837 quae,
1265 3755 1297 3818 ni

259 3853 371 3937 fallor,
401 3858 433 3918 in
462 3863 596 3936 utroque
617 3873 737 3936 genere
765 3856 810 3919 ita
832 3858 958 3921 tractari
982 3856 1147 3938 solebant,
1176 3868 1208 3920 ut
1233 3877 1297 3923 non

258 3956 387 4022 sublimi
419 3954 558 4038 quodam
586 3974 692 4018 rerum
722 3950 1014 4041 sententiarumque
1044 3977 1129 4023 nexu
1151 3961 1295 4024 contine·
