2916 4860
255 409 299 474 aa

255 576 508 662 amplificandam
542 580 697 643 musicam
730 580 935 662 pertinuerit,
975 578 1039 644 dici
1080 581 1136 646 vin
1153 588 1296 664 petsslt

254 700 349 747 usum
371 683 519 746 tibiarum
540 682 624 747 dico.
667 680 831 747 'libiorum
853 684 955 763 enim,
977 701 1062 766 quac
1078 700 1146 748 non
1166 685 1198 747 in
1220 684 1293 766 ipsa

255 784 393 849 Graecia
415 794 526 867 natae,
556 786 616 849 sed
643 804 684 848 ex
706 784 848 871 Phrygia
877 803 919 849 eo
940 785 1067 851 delatae
1087 798 1182 869 sunt,
1214 805 1293 870 prae

254 888 389 972 ceteris,
411 889 530 974 quibus
545 888 663 953 Graeci
685 889 872 971 utebantur,
894 892 1025 973 organis
1042 890 1105 954 hoc
1125 891 1290 974 proprium

254 1001 337 1075 erat,
359 1001 396 1055 ut
416 992 623 1076 orgiasticum
646 990 796 1075 quiddam
818 1002 851 1056 et
871 997 1065 1078 patheticum
1084 996 1237 1063 haherent
1248 997 1290 1077 ⁸⁰)

254 1107 351 1179 atque
385 1112 403 1157 a
437 1094 633 1178 reliquorum
665 1096 809 1160 musicae
842 1118 994 1182 generum
1026 1101 1229 1183 simplicitate
1258 1110 1291 1166 et

253 1196 426 1261 severitate
447 1196 633 1280 longissime
655 1197 818 1262 abessent.
852 1198 1000 1266 Testis
981 1215 1031 1267 est
1044 1202 1176 1268 Aristot.
1194 1202 1290 1268 Pom.

253 1298 343 1383 Vlll,
366 1300 404 1363 7:
437 1291 504 1423 ἔχιει
530 1292 592 1387 peip
620 1293 678 1387 τήν
705 1293 805 1389 crispa
834 1294 969 1386 δύναμιν
998 1299 1196 1393 ἦΦρυγιιπΙ
1224 1307 1290 1373 τῶν

253 1397 431 1494 ἁρμονιῶν,
452 1400 554 1492 ἤνπερ
577 1395 707 1479 αιῖλὸς
689 1427 724 1469 εν
743 1410 812 1482 τοῖς
827 1398 990 1495 ὀργάνοις·
1012 1401 1114 1498 ἄμφω
1129 1404 1192 1498 γάρ
1203 1401 1290 1498 days·

253 1530 368 1576 αστικα
358 1502 441 1573 καὶ
463 1498 643 1595 πα9ητικά.
689 1508 760 1590 Quo
788 1510 905 1575 iactum
933 1523 1001 1595 est,
1035 1524 1069 1578 ut
1097 1533 1204 1598 neque
1228 1534 1288 1579 us·

252 1633 347 1699 quam
369 1613 518 1677 tibiarum
547 1630 627 1675 usus
656 1615 797 1676 omnium
821 1612 1017 1680 Graecorum
1040 1634 1178 1681 assensu
1201 1634 1289 1681 com·

252 1717 442 1801 probaretur
458 1715 633 1799 (siquidem
654 1715 796 1798 luerunt,
818 1719 872 1801 qui
884 1736 921 1783 ea
935 1719 977 1783 de
988 1738 1087 1784 causa
1099 1720 1141 1784 ad
1152 1719 1289 1805 Pythice

251 1822 426 1885 certamina
458 1839 524 1883 non
557 1819 698 1900 adirent,
731 1820 817 1903 quod
841 1822 884 1885 ad
906 1841 944 1885 ea
972 1823 1159 1889 tibicinibns
1180 1822 1288 1887 aditus

251 1927 345 1990 datos
368 1935 473 2006 esset,
495 1925 537 1989 cf.
559 1923 708 1992 Plutde
730 1945 813 1989 mns.
836 1945 864 1989 c.
886 1927 960 2006 91),
990 1936 1022 1990 et
1044 1925 1137 1991 Plato
1159 1924 1287 2009 (Repbl.

251 2050 283 2112 p.
305 2030 372 2095 399
392 2026 465 2104 CD)
497 2027 628 2089 omnino
662 2027 820 2090 arcendas
849 2046 869 2091 a
897 2028 1062 2112 republica
1090 2029 1186 2093 tibias
1213 2048 1288 2094 esso

251 2142 417 2215 censeret,
457 2131 576 2217 qnippe
614 2148 698 2214 quae
729 2130 834 2196 solam
866 2131 1060 2215 voluptatem
1094 2141 1287 2215 spectarent,

251 2237 339 2303 aluid
362 2237 442 2301 nihil
463 2237 661 2318 respicerent
682 2232 797 2320 (Gorg.
819 2255 851 2318 p.
865 2237 924 2301 aot
947 2234 999 2314 E).
1033 2234 1158 2316 Quanta
1180 2245 1287 2299 antem

250 2342 291 2405 ad
319 2340 547 2406 immutandam
577 2339 761 2405 universam
791 2336 941 2404 musicae
961 2340 1117 2404 rationem
1138 2339 1286 2407 tibiarum

249 2446 300 2509 vis
323 2445 434 2524 fuerit,
464 2441 656 2507 Plutarchus
685 2454 798 2507 auctor
819 2453 868 2506 est
891 2441 946 2518 (de
968 2461 1048 2505 mus.
1071 2462 1100 2506 c
1122 2443 1197 2523 99),
1230 2441 1286 2525 qui

249 2545 368 2610 lasum
404 2544 667 2609 Hermoniensem
707 2544 854 2609 tibiarum
892 2542 1102 2634 πολυφωνίαν
1140 2557 1286 2610 secutum

248 2652 416 2731 pristinam
449 2648 593 2711 trusione
621 2648 777 2711 rationem
806 2658 948 2713 mutasse
977 2661 1099 2731 narrat,
1134 2648 1220 2713 unde
1251 2649 1286 2712 in

247 2756 329 2839 ipsis
352 2751 439 2815 tibiis
461 2751 583 2814 semina
606 2749 763 2835 quaedam
785 2750 917 2835 majoris
947 2752 1147 2836 splendoris,
1181 2753 1285 2818 varie-

249 2863 340 2945 tatis,
360 2857 614 2942 magnilicentiac
638 2856 791 2921 radicitus
813 2856 947 2920 latuisse
969 2846 1119 2939 apparet
1143 2854 1176 2918 A
1198 2855 1285 2919 tibiis

246 2960 346 3050 igitur
354 2957 545 3027 Plutarchus
567 2958 725 3023 luxuriam
746 2958 834 3022 illam
855 2977 1009 3022 sonorum
1031 2960 1284 3038 cotrarietatem,
1380 2966 1386 2975 '

247 3086 344 3153 quam
375 3065 522 3128 homines
551 3064 632 3127 inter
660 3059 805 3128 Graecos
832 3065 983 3147 antiquae
1011 3065 1224 3127 continentiae
1252 3073 1283 3125 et

246 3167 475 3235 moderationis
497 3166 724 3230 studiosissimi
746 3166 876 3229 omnino
897 3164 1127 3248 reprobabant,
1149 3167 1192 3228 ita
1207 3182 1284 3250 pro·

247 3271 363 3335 sectam
385 3289 461 3337 esse
489 3270 677 3348 arbitratur,
709 3276 743 3329 ut
771 3286 828 3348 ea,
862 3286 947 3352 quae
976 3268 1160 3334 naturaliter
1188 3270 1283 3333 insita

245 3373 481 3455 ticinensem,
515 3370 557 3433 ad
586 3382 693 3434 catera
720 3372 863 3435 musicae
885 3391 1004 3456 genera
1027 3373 1284 3456 transferrentur,

246 3477 444 3559 assentitque
465 3476 495 3539 ei
514 3473 609 3537 Pluto
631 3471 759 3555 (Repbl.
773 3493 804 3555 p.
819 3475 885 3540 999
900 3473 963 3556 D),
986 3493 1025 3537 ea
1040 3493 1177 3558 organa,
1200 3495 1283 3560 quae

245 3580 381 3644 maxima
430 3577 668 3643 harmoniarum
709 3577 864 3642 varietate
911 3597 1007 3641 aures
1054 3577 1283 3661 demulcerent,

244 3682 355 3746 tihiam
383 3682 505 3746 imitata
533 3699 609 3746 esse
635 3681 757 3746 dicens.
807 3680 899 3747 Tibia
928 3685 1031 3765 enim,
1065 3682 1159 3770 cujus
1192 3685 1283 3748 varia

244 3793 335 3848 erant
366 3802 498 3871 gerara,
531 3795 567 3847 ut
599 3786 742 3848 omnium
774 3786 1057 3850 instrumentorum
1085 3788 1282 3871 musicorum

243 3888 381 3953 maxime
403 3887 611 3973 orgiasticuns
633 3897 702 3950 erat
721 3898 754 3950 et
776 3886 984 3971 patheticam,
1007 3889 1050 3952 ita
1072 3892 1211 3954 maxima
1226 3908 1281 3954 so·

243 4010 356 4059 norum
378 3994 535 4058 varietate
555 3992 694 4076 insignis
714 4002 800 4075 erat,
824 3991 966 4074 ideoque
986 3992 1086 4057 variis
1108 4003 1205 4077 atque
1227 3991 1282 4057 vel
