2916 4860
232 416 275 479 52

319 584 446 649 Exstitit
474 587 601 671 quidem
630 587 812 668 nuperrime
841 585 1051 666 gravissimus
1067 580 1269 669 ¹tlitlryratubi

232 699 385 773 patronus
408 686 467 752 Tb.
491 688 724 773 Bergktusu),
757 687 812 770 qui
841 704 905 750 non
937 687 1059 752 dubitat
1079 685 1143 750 hoe
1164 702 1268 770 genus

233 790 482 856 excultissinram
513 802 543 855 et
572 789 841 871 perfectissimam
863 789 972 868 poesis
995 789 1127 852 somnam
1150 787 1267 852 dicere.

232 894 445 979 Ditbyrambo
474 897 558 959 enim
587 896 629 958 ait
658 894 805 975 primitus
834 892 951 976 aliquid
981 893 1097 956 mimioi
1126 894 1268 956 innatum

232 997 350 1079 fuisse,
384 1016 449 1081 quo
476 998 582 1062 soluto
611 1015 630 1059 a
661 998 760 1080 stirpe
789 1013 908 1058 uorum
929 1014 1033 1079 genus
1062 1007 1170 1059 natum
1193 1010 1269 1059 esse

232 1100 360 1183 drama3
383 1099 671 1165 deflorescentibus
694 1110 801 1162 autem
823 1098 1015 1161 dramatioae
1036 1099 1113 1162 artis
1135 1098 1270 1163 floribus

232 1202 466 1287 dithyrambum
495 1203 529 1265 id
559 1201 645 1285 quod
675 1221 769 1264 sunm
797 1201 926 1282 proprie
956 1211 1042 1264 esset
1064 1203 1157 1284 quasi
1180 1220 1269 1265 reee-

233 1307 322 1388 pisse
344 1316 440 1389 atque
462 1305 642 1367 uberiorem
666 1314 696 1364 et
720 1302 942 1383 perfectiorem
969 1304 1009 1366 ad
1032 1304 1186 1387 principia
1209 1322 1268 1367 sua

232 1410 381 1472 rediisse.
415 1408 506 1492 Quae
529 1427 592 1470 non
616 1409 745 1469 omnino
768 1404 871 1471 aliena
889 1427 964 1470 esse
986 1428 1092 1473 antea
1113 1411 1268 1472 sententia

233 1518 313 1580 sutis
337 1525 422 1596 patet
429 1535 440 1597 3
463 1512 595 1575 laudare
610 1523 715 1574 tamen
730 1511 979 1595 dithyrambum,
1002 1513 1089 1596 quotl
1107 1532 1164 1591 ea,
1186 1506 1270 1597 quae

233 1630 362 1702 peracta
385 1630 416 1679 et
438 1616 586 1679 absoluta
610 1627 709 1697 erant,
731 1617 950 1700 redintegrare
966 1629 1101 1682 conatus
1115 1621 1167 1699 sit,
1190 1638 1271 1683 nun-

233 1741 328 1807 quam
351 1731 474 1803 potero.
516 1719 619 1782 Rudis
641 1722 726 1783 enim
748 1720 857 1783 illest
880 1722 1018 1786 incultus
1040 1722 1270 1808 dithyrambos,

233 1847 327 1912 quern
366 1827 595 1910 antiquissimis
636 1827 833 1908 temporibus
873 1824 1019 1889 homines
1060 1837 1205 1909 agrestes
1236 1828 1270 1889 iu

234 1927 355 1992 Beoobi
388 1927 543 1990 bonorem
575 1927 769 2009 fundebant,
802 1929 986 1992 inferiorem
1020 1949 1079 2012 per
1109 1950 1146 1992 se
1179 1929 1270 1993 solus

235 2031 340 2094 lorum
363 2031 395 2093 in
420 2030 580 2093 literarum
603 2028 796 2094 Graerarurn
820 2031 951 2095 historia
976 2033 1122 2116 baberet,
1153 2036 1215 2098 nisi
1238 2045 1271 2096 et

236 2134 388 2197 dramatis
412 2134 505 2197 ineo
528 2134 649 2196 semina
674 2133 858 2216 latuissent,
881 2145 913 2198 et
928 2136 1018 2221 lyrioi
1032 2147 1147 2219 poetae
1170 2156 1210 2201 ex
1231 2156 1272 2201 eo

235 2249 385 2320 tanquam
410 2237 570 2300 uberrimo
586 2236 672 2301 tonte
685 2237 885 2317 hausissent3
907 2253 1144 2324 peropportune
1166 2256 1272 2305 autern

237 2342 396 2403 accidisse
419 2339 596 2417 crematus,
619 2350 653 2402 ut
675 2343 783 2423 variar,
801 2361 892 2425 ⁰(prorue
915 2345 945 2405 in
970 2343 1170 2427 dithyrambo
1194 2343 1271 2408 late·

235 2456 323 2522 rent,
347 2445 424 2513 artis
446 2444 603 2525 principia
626 2459 690 2506 uon
705 2445 931 2524 misceremur,
955 2445 1014 2507 sed
1025 2445 1116 2528 Justo
1131 2458 1272 2529 tempore

237 2558 461 2630 separarentur
483 2566 522 2608 ao
537 2566 627 2609 suam
646 2549 796 2631 quodque
812 2552 964 2612 rationem
981 2553 1072 2634 sequi
1088 2553 1270 2634 inciperent.

237 2653 280 2714 lta
305 2654 389 2714 enim
411 2651 479 2714 fieri
503 2651 620 2734 potuit,
655 2663 792 2734 atquae
822 2654 853 2715 in
883 2652 939 2713 illo
968 2651 1116 2735 laterent,
1148 2657 1271 2738 integra

237 2770 267 2821 et
290 2776 368 2820 sana
392 2759 599 2841 gignerentur
622 2765 717 2837 atque
740 2757 966 2837 educerentur3
996 2758 1114 2839 quibus
1137 2758 1271 2822 excultis

237 2859 327 2922 fonte
348 2859 405 2920 illo
426 2860 518 2942 quasi
542 2858 695 2921 exhausto
719 2858 945 2922 nihilomnino
968 2863 1053 2945 quoti
1069 2863 1144 2924 inde
1166 2862 1271 2926 hauri·

238 2973 327 3025 retur
347 2962 600 3046 relinquebatur3
631 2977 704 3025 nam
734 2961 809 3042 quiri
839 2964 870 3023 in
901 2963 1101 3048 dithyrambo
1123 2970 1217 3048 quasi
1240 2969 1272 3028 in

238 3067 337 3147 stirpe
370 3065 499 3144 lateret,
540 3067 610 3148 ipse
649 3065 810 3128 literarum
850 3086 1042 3151 progressus
1080 3072 1272 3135 ostenderat.

238 3170 447 3233 Verissimum
478 3182 527 3231 est
554 3170 594 3231 ‹lo
624 3180 690 3231 tolo
715 3170 775 3231 boo
800 3183 964 3252 poetarum
987 3191 1106 3255 genere
1128 3173 1273 3238 Platonis

235 3274 390 3360 jutlioium
420 3275 476 3349 (oe
500 3274 583 3358 legg.
605 3298 636 3358 p.
659 3278 753 3345 tobi:
788 3268 938 3360 ἄρχοντες
959 3272 1017 3356 μὲν
1045 3278 1104 3363 τῆς
1126 3268 1271 3358 ἀμούσου

238 3375 439 3464 παρανομίας
454 3376 585 3464 ποιηταὶ
601 3373 771 3459 epimone,
792 3368 891 3462 φύσει
905 3375 963 3457 μὲν
977 3378 1149 3465 ποιητικαὶ,
1172 3372 1272 3465 dyrm-
1317 3434 1328 3455 .

238 3501 334 3563 poree
355 3478 392 3545 δὲ
413 3479 489 3568 περὶ
517 3474 555 3545 τὸ
584 3477 707 3544 δίκαιον
736 3481 795 3566 τῆς
816 3471 956 3567 Μούσης
977 3480 1032 3547 καὶ
1059 3478 1098 3547 τό
1119 3476 1272 3567 mutuom

239 3587 342 3648 inerat
358 3587 442 3648 enim
461 3583 506 3646 illi
526 3586 620 3645 aetati
636 3584 687 3647 vis
703 3585 859 3667 quaedam
873 3589 993 3669 ingenii
1003 3634 1012 3670 ,
1033 3608 1116 3672 quae
1130 3591 1169 3652 atl
1187 3609 1270 3653 nova

238 3689 434 3771 procreanda
451 3697 564 3768 portas
579 3687 772 3767 impelleret3
795 3691 851 3752 seo
868 3694 951 3754 siout
966 3694 1079 3776 arbor,
1103 3708 1271 3780 postquam

238 3793 317 3854 rami
352 3792 414 3852 late
441 3788 548 3852 diffusi
581 3791 681 3851 emori
715 3805 904 3874 coeperunt,
937 3798 1080 3877 proxime
1113 3819 1132 3860 a
1161 3802 1272 3863 redire

238 3894 388 3958 fruticare
409 3892 613 3974 remotosque
632 3892 796 3957 luxurioso
818 3896 1013 3977 pullulantes
1034 3898 1168 3983 gignere
1190 3902 1274 3966 solet

239 4016 343 4082 neque
373 3997 470 4060 liores
501 4014 637 4078 unquam
668 4001 822 4063 missuros
850 4020 909 4065 nec
938 4002 1058 4068 burrus
1081 4004 1272 4088 reddituros,
