2916 4860
245 409 290 470 40

246 586 368 658 nanat,
392 575 431 638 ad
454 576 616 659 posterius
639 586 764 654 tempus
787 572 946 655 pertinere
969 572 1092 655 nequit,
1115 571 1191 653 quia
1207 568 1310 653 Plus

150 686 153 691 ’
247 678 518 747 loxenusrelicta
542 677 738 762 Dionysiaca
767 677 842 740 aula
865 675 977 742 Sicilia
1002 678 1169 755 excessit).
1211 674 1282 745 Fic-

160 779 162 785 ’
246 795 313 846 tum
325 793 430 845 autem
442 784 573 845 omnino
586 778 779 843 Conuiuium
794 778 889 862 illud,
912 779 997 863 quod
1014 790 1105 861 poeta
1119 777 1282 857 describit,

247 904 323 949 esse
353 903 417 948 nun
447 885 589 965 uidetur3
622 884 687 944 imo
716 883 758 944 ita
788 891 887 945 totum
915 902 1043 945 carmen
1065 890 1282 963 comparatum

248 1001 316 1071 est,
345 1000 380 1051 ut
410 989 529 1052 nonin
560 988 745 1049 uniuersum
775 983 940 1065 epularum
969 984 1199 1047 delectationes
1228 981 1283 1043 de·

248 1086 376 1178 pingat,
403 1093 460 1156 sed
483 1094 562 1156 certi
584 1089 752 1173 cujusdam
774 1089 932 1168 conuiuii,
963 1088 1015 1148 cui
1038 1087 1108 1169 ipse
1129 1104 1283 1167 praesens

248 1207 345 1279 poeta
365 1195 559 1275 interfuerit,
593 1192 778 1257 memoriam
801 1196 1063 1281 repeterenatque
1087 1208 1158 1252 cum
1181 1189 1284 1252 arnico

193 1331 194 1334 ¹
248 1301 357 1383 aliquo
390 1284 625 1363 corumunicare
657 1278 814 1359 uideatur.
857 1294 966 1377 Atque
996 1306 1060 1365 tam
1079 1296 1205 1377 uigens
1235 1303 1283 1356 est

247 1403 500 1486 pigmentorum,
530 1401 647 1484 quibus
669 1404 767 1483 poeta
786 1418 867 1462 usus
889 1409 954 1479 est,
983 1397 1044 1463 llos
1066 1397 1228 1480 etcolor,
1250 1407 1283 1460 ut

248 1522 288 1568 eo
311 1514 455 1587 tempore
470 1510 624 1586 appareat
638 1522 710 1569 eum
726 1523 854 1569 carmen
869 1504 1074 1584 condidisse,
1097 1521 1162 1586 quo
1177 1522 1283 1566 rerum

221 1684 223 1689 Δ
247 1609 402 1669 memoria
422 1626 537 1669 reeens
559 1607 593 1670 in
615 1608 720 1671 animo
743 1607 890 1670 haereret
911 1627 1015 1690 neque
1029 1607 1161 1671 aliarum
1177 1626 1283 1670 rerum

211 1720 213 1723 ’
247 1713 388 1776 nouitate
421 1711 590 1774 obscurata
625 1722 720 1775 esset.
771 1711 840 1793 Qua
874 1713 944 1794 ipsa
974 1713 1131 1793 poematis
1160 1713 1284 1774 ratione

246 1813 379 1877 multum
402 1815 431 1877 ei
455 1813 650 1898 detrahitur,
679 1813 884 1897 quodquam
917 1812 1031 1897 longo,
1064 1815 1107 1878 ita
1135 1813 1283 1898 equidem

246 1918 351 1980 animo
374 1916 518 1997 officior,
540 1927 575 1980 ut
597 1926 711 1998 poetae
732 1915 810 1978 mihi
834 1915 980 1978 videatur
995 1915 1149 1999 uoluptati
1167 1917 1282 1994 fuisse,

246 2018 364 2101 quibus
385 2018 483 2083 rebus
502 2037 625 2081 summa
642 2036 714 2080 cum
729 2015 893 2099 uoluptate
909 2016 1030 2080 fruetus
1045 2026 1150 2098 esset,
1173 2036 1282 2081 earam

244 2121 398 2183 memoria
426 2121 552 2183 literum
586 2122 679 2202 quasi
711 2120 850 2203 palatum
885 2121 1094 2202 permulcere.
1158 2116 1283 2201 Quodsi

245 2221 391 2287 similiter
413 2225 563 2286 carminis
592 2223 689 2286 lectio
720 2233 846 2286 ueteres
876 2224 1068 2304 commouit,
1101 2224 1145 2287 ita
1167 2234 1289 2304 tamen,

244 2336 279 2388 ut
300 2325 461 2409 ejusmodi
484 2325 579 2407 palati
602 2327 696 2409 quasi
719 2324 857 2389 titillatio
880 2343 944 2387 non
966 2326 1115 2407 fastidio,
1145 2326 1201 2389 sed
1225 2344 1283 2390 uo·

244 2426 355 2508 luptati
377 2428 558 2511 legentibus
581 2441 685 2508 esset,
709 2445 773 2490 non
788 2428 901 2489 mirum
924 2441 990 2510 est,
1014 2429 1100 2512 quod
1120 2429 1194 2491 intlc
1217 2447 1281 2491 non

244 2549 348 2611 pauca
371 2529 412 2592 ad
434 2529 550 2593 rualem
575 2528 743 2592 Philoxeni
765 2528 1032 2592 existimationem
1053 2530 1282 2595 redundarunt.

243 2629 323 2695 Tale
346 2640 452 2692 autem
475 2648 622 2710 carmen,
644 2647 742 2712 quum
760 2632 818 2692 toti
837 2633 950 2695 aetatis
967 2633 1012 2696 nil
1027 2644 1155 2716 praeter
1169 2634 1282 2716 uolup-
1330 2680 1333 2687 .
1438 2624 1439 2649 l

242 2734 321 2797 taria
357 2744 549 2815 quaerentes
583 2731 781 2795 inclinationi
816 2737 1049 2817 quammaxime
1082 2737 1281 2815 conveniret,

242 2854 368 2900 summo
391 2836 497 2899 studio
513 2836 553 2897 ab
576 2833 767 2917 aequalibus
783 2849 950 2919 exceptum
966 2859 1040 2902 esse
1059 2859 1130 2902 eum
1147 2859 1188 2903 ex
1209 2841 1282 2921 ipsa

129 2946 137 2955 “
242 2939 289 3003 rei
313 2949 425 3001 natura
445 2936 599 3021 colligere
615 2954 806 3020 possumus,
830 2950 896 3002 tum
911 2954 1018 3005 certos
1033 2941 1104 3027 ejus
1119 2944 1166 3006 rei
1181 2953 1282 3006 testes

242 3042 397 3106 babemus
416 3041 584 3105 Platonem
606 3043 764 3107 comicum
787 3053 819 3106 ct
840 3042 1059 3110 Aristotelem.
1093 3046 1175 3110 Nam
1187 3046 1281 3110 Plato

241 3149 273 3208 in
288 3145 429 3215 ,Phaone
452 3154 518 3229 (ap.
535 3146 641 3210 Athen
664 3146 689 3229 1,
712 3168 744 3229 p.
763 3151 799 3219 5>
822 3148 981 3212 homiuem
1005 3150 1226 3214 introducebat
1237 3152 1281 3214 in

141 3273 145 3288 ¹
242 3249 446 3312 solitudinem
469 3270 505 3312 se
527 3253 750 3332 recipientem,
772 3262 807 3314 ut
828 3251 919 3314 solus
942 3268 1000 3334 per
1022 3253 1280 3337 otiumConuivii

242 3352 379 3415 lectione
402 3353 557 3436 gauderet
564 3376 575 3436 3
601 3354 791 3419 Aristoteles
815 3367 919 3418 autem
943 3369 1007 3441 lap.
1025 3357 1141 3422 Athen.
1165 3359 1188 3441 l,
1213 3361 1281 3440 po

242 3454 288 3528 D)
330 3454 474 3519 homines
508 3458 651 3541 depingit
683 3461 865 3524 desidiosos
901 3481 1050 3549 novaque
1085 3464 1214 3527 uidendi
1249 3473 1281 3526 et

242 3559 394 3622 audiendi
416 3559 642 3643 cupidissimos
671 3573 768 3646 atque
797 3564 838 3626 ita
869 3565 902 3626 in
925 3565 1023 3628 literis
1047 3578 1212 3649 versatos,
1247 3577 1280 3630 ut

242 3662 319 3725 nihil
342 3662 485 3746 legerent
514 3677 641 3746 praeter
664 3663 855 3728 Conuiuium
877 3667 1058 3733 Philoxeni.
1102 3670 1177 3751 Quo
1198 3690 1277 3733 con·

242 3766 315 3828 silio
338 3765 531 3829 Conuiuium
564 3768 604 3829 ab
638 3779 772 3852 utroque
801 3758 879 3853 prae
908 3772 981 3835 aliis
1011 3774 1207 3837 carminibus
1227 3760 1279 3838 ‘sit

242 3882 468 3950 memoratum,
499 3874 656 3935 neminem
677 3874 792 3958 lugiet:
826 3875 951 3938 scilieet
974 3886 1006 3936 ut
1028 3878 1098 3958 ipsa
1121 3878 1278 3959 poematis

243 3974 356 4037 leuitas
380 3973 618 4056 ostenderetur,
641 3977 759 4059 quippe
782 3997 865 4060 quae
887 3977 956 4040 solu
974 3978 1153 4060 ineptorum
1177 3979 1277 4044 horni-
