2916 4860
1188 444 1231 509 69
1269 496 1272 507 .

280 619 338 685 71)
362 615 412 679 De
435 614 516 678 mala
540 614 594 679 illa
607 613 777 680 Philoxeni
800 614 882 679 larum
899 619 932 681 in
952 619 1057 682 onimo
1072 616 1231 681 habebam

194 721 297 785 fusius
320 724 498 801 disserere,
521 740 584 803 quo
608 739 661 800 re,
684 731 851 804 postquam
875 722 1005 805 egregio
1021 720 1061 782 do
1077 739 1115 781 en
1130 719 1231 801 Berg-

193 823 311 888 kiuel.
336 823 355 886 Ι.
379 834 410 886 et
424 820 585 906 Berglein.
601 843 639 906 q.
662 824 705 886 64
720 842 769 906 sq.
783 826 886 888 ureriti
900 836 992 905 suut,
1015 821 1231 904 supersedere
1263 868 1265 873 ,

195 950 337 1012 possum.
864 984 873 995 „

281 1036 337 1112 72)
360 1032 410 1097 Cf.
434 1033 554 1116 Bergk.
577 1034 598 1097 l.
623 1035 643 1096 Ι.
665 1055 696 1117 ο.
719 1036 792 1100 2¹2.

280 1140 336 1216 73)
360 1136 552 1200 Aristoteles
586 1146 651 1219 (ap.
683 1134 801 1198 Athen.
832 1133 860 1212 1,
896 1155 926 1217 ρ.
956 1137 992 1204 6)
1024 1124 1232 1221 φιλόδειπνον

193 1239 407 1305 Philoxenum
437 1241 548 1304 «linens
578 1239 725 1304 deridere
754 1239 914 1303 hominem
938 1237 1080 1319 vinnm,
1114 1238 1232 1320 quiippe

195 1346 250 1428 qui
280 1363 321 1407 ex
349 1343 469 1407 tantilla
500 1363 534 1407 re
557 1344 716 1429 poeticum
745 1343 885 1408 sur-orem
907 1343 1042 1424 petierit.
1065 1374 1106 1386 -
1136 1340 1232 1421 Quod

195 1466 292 1530 quum
326 1446 512 1512 Athenaeus
546 1466 609 1510 non
644 1458 731 1512 reete
770 1446 979 1530 intelligeret,
1023 1446 1146 1509 nhutsus
1182 1457 1233 1509 ent

196 1548 379 1613 Aristotelis
402 1554 598 1615 auctoritate.

279 1654 337 1725 74)
360 1650 407 1714 Cl.
429 1664 557 1736 praeter
577 1655 764 1737 Binum-tum
790 1675 819 1737 ρ.
842 1656 885 1717 32
908 1668 936 1719 et
955 1654 1115 1741 Berglein.
1137 1655 1232 1732 null.

194 1754 234 1818 Ο.
256 1754 383 1817 Mutter.
406 1756 527 1837 grieoh.
550 1755 611 1818 Lit.
635 1755 754 1820 Gesoh.
777 1755 822 1839 lt,
845 1778 876 1839 ο.
899 1759 974 1822 790.
1011 1755 1110 1820 Ulriri
1135 1755 1178 1837 ll,
1202 1777 1231 1837 ρ.

193 1859 266 1921 600.
311 1855 500 1940 Fragmenta
525 1858 654 1942 collegit
679 1859 800 1943 Bergk.
822 1869 907 1943 poet.
933 1859 991 1944 lyr.
1015 1880 1046 1942 p.
1068 1859 1151 1938 857,
1177 1858 1232 1941 qui

193 1959 288 2022 etiam
312 1957 464 2045 Cyclopis
493 1963 660 2025 exordium
691 1962 853 2043 reperisse
881 1962 943 2025 sihi
974 1963 1065 2025 visos
1095 1971 1145 2023 eet
1178 1959 1233 2033 (ci.

117 2081 120 2085 ¹
195 2060 314 2144 Bergk.
332 2063 364 2126 in
384 2060 477 2126 Neue
498 2061 570 2125 Jen.
592 2062 679 2147 Allg.
702 2062 761 2126 tit.
783 2061 852 2147 Ztg.
875 2063 926 2126 ΙΙΙ.
939 2062 1049 2147 Jnhrg.
1073 2083 1103 2145 ο.
1117 2062 1233 2144 moon

195 2165 284 2247 quoti
307 2183 417 2228 verum
439 2182 513 2227 esse
537 2183 599 2248 ego
622 2185 682 2227 neo
703 2156 873 2248 negarimf
887 2187 993 2250 neque
1018 2166 1211 2230 affirmarim.
1305 2158 1309 2165 ⁷

282 2266 338 2343 75)
361 2265 482 2331 Zeuoh.
507 2264 547 2349 V,
568 2269 629 2333 45:
667 2265 727 2351 οἵῳ
756 2258 810 2348 γίὸ
833 2268 959 2352 δαίμων
985 2266 1094 2357 τέρατι
1116 2289 1233 2353 σνγκα-

196 2371 327 2455 θιῖρξεν
363 2367 417 2435 ἐπὶ
450 2372 515 2435 τῶν
546 2364 861 2453 δυςανασχετοιίιτων
892 2371 948 2439 ἐπί
987 2396 1047 2438 τινι
1087 2371 1235 2458 διιςχιρεῖ

195 2468 363 2561 πράγματι
384 2471 509 2560 λέγεται
530 2466 551 2562 ἦ
572 2473 742 2563 παροιμία.
781 2467 930 2565 Κύκλωψ
951 2465 1012 2563 γίιρ
1033 2471 1102 2540 ἐστι
1124 2474 1252 2560 δρᾶμα

198 2576 389 2661 Φιλοξένου,
412 2574 445 2646 ἐν
466 2572 495 2645 ὦ
508 2572 678 2657 Ὀδυσσεύς
693 2578 903 2667 περισχεθεὶς
918 2582 964 2664 τῷ
977 2579 1037 2644 τοῦ
1053 2571 1233 2652 Κύκλωπας

195 2680 347 2770 σπηλαίῳ
366 2680 466 2767 λέγει·
495 2680 555 2768 οἵῳ
582 2682 648 2748 κτλ.
702 2682 791 2747 Ηιωσ
824 2685 919 2747 etiam
949 2680 1101 2767 Cyclopis
1135 2679 1234 2743 verba

200 2780 360 2861 ιέθυσας·
382 2776 560 2872 cinthium
586 2784 704 2867 (suin.)
730 2787 762 2847 in
786 2786 991 2868 proverbium
1013 2785 1157 2848 abierunt
1179 2780 1234 2849 ἐπὶ

196 2887 260 2954 τῶν
280 2878 328 2964 οἷς
345 2882 483 2975 ἔδρασαν
500 2886 596 2971 ὅμοια
613 2878 809 2968 πασχόντων.
845 2886 892 2951 Cf.
903 2886 1046 2971 Bipnnrt.
1064 2907 1095 2969 p.
1106 2888 1161 2966 43,
1184 2884 1234 2947 ΙΙΙ.

281 2995 340 3069 76)
370 2992 418 3058 cf.
447 2993 487 3057 N.
518 2992 617 3057 Bnoh.
646 3004 771 3078 quaest.
801 2994 886 3080 eleg.
915 3013 1004 3077 spec.
1031 2992 1054 3057 Ι.
1101 2990 1233 3073 Polline,

198 3094 443 3183 1839,p.14.‘

281 3204 340 3277 77)
356 3201 524 3285 Siquidem
536 3199 747 3269 Philoxenum
764 3203 946 3270 lebuinorle
959 3202 1112 3288 Cyclopis
1124 3221 1235 3266 amore

197 3307 395 3370 inuentorem
428 3306 532 3371 luisse
565 3327 639 3371 vere
662 3307 760 3372 Duris
794 3309 936 3372 narravit
970 3306 1026 3381 (os.
1060 3305 1163 3369 schol.
1192 3306 1232 3370 au

72 3432 78 3439 ·
196 3408 356 3474 Theocrit.
378 3410 421 3472 iu.
444 3408 522 3492 Vl),
544 3411 629 3494 quon
653 3424 747 3495 negat
771 3410 932 3497 Berglein.
955 3430 986 3492 p.
1008 3411 1061 3473 45.
1095 3408 1126 3472 ls
1149 3409 1233 3504 enim

193 3514 311 3578 famam
334 3513 375 3576 de
398 3511 550 3598 Cyclopis
572 3527 604 3577 et
619 3513 774 3579 Gnlnteae
796 3533 905 3577 nrnore
926 3533 967 3575 ex
983 3510 1164 3575 Siculorum
1187 3513 1233 3575 rei

194 3617 365 3699 pecuariae
376 3616 554 3680 deditorum
565 3617 749 3680 rumoribus
764 3618 920 3699 originem
933 3614 1068 3678 «luxisse
1083 3625 1180 3696 putat.
1192 3647 1233 3658 —-

282 3720 340 3792 78)
363 3718 413 3782 ef,
436 3721 532 3782 etiam
547 3718 649 3783 schol.
666 3720 705 3782 ml
722 3718 886 3801 Aristonh.
903 3716 986 3781 Plut.
1003 3718 1084 3781 290:
1107 3705 1236 3803 φεύγων

195 3821 233 3885 δι
254 3816 382 3885 ἐκεῖθεν
403 3806 505 3908 ἦλθεν
526 3816 573 3898 εἰς
594 3817 636 3887 τοὶ
657 3818 740 3908 μέρη
760 3814 925 3907 Κυθήρων
946 3817 1000 3884 καὶ
1015 3815 1084 3884 ἐκεῖ
1103 3818 1234 3904 δρᾶμα

194 3915 254 4010 τῆν
280 3916 457 3988 Γαλάτειαν
484 3918 651 4009 ἐποίησεν,
685 3918 719 3989 ἐν
747 3914 774 3987 ὦ
804 3913 962 4007 εἶςήνιγκε
990 3915 1046 3986 τὸν
1068 3911 1235 3987 Κύκλωπα

196 4021 321 4112 ἐρῶντα
341 4025 400 4112 τῆς
420 4022 605 4100 Γαλατείας.
629 4062 670 4072 -
