2916 4860
238 440 283 503 38

239 610 330 689 iero,
352 609 380 670 si
404 608 433 669 is
456 598 570 688 homo,
593 605 688 690 cujus
703 605 796 669 Plato
818 606 850 666 in
874 604 1009 669 Phaone
1031 605 1190 684 meminit,
1213 601 1278 687 ey-

240 710 363 775 therius
377 722 427 775 est
439 708 656 792 Philoxenus,
679 729 742 799 non
755 709 947 773 Leucadius.
969 708 1051 773 Naro
1063 708 1279 787 Athenaeum,

240 833 338 898 quum
362 833 477 877 versus
500 814 621 898 aliquot
649 833 691 877 ex
713 814 883 878 Philoxeni
906 813 1064 878 Convivia
1087 815 1286 896 repetiturus·

241 926 343 998 esset,
366 935 430 979 non
453 927 572 980 temere
587 914 732 980 Platonis
754 915 883 980 fabulae
907 920 1101 981 mentionem
1124 904 1280 1000 injecisse

241 1021 289 1095 (id
311 1021 395 1104 quod
419 1019 575 1083 obsonum
598 1018 710 1100 iuret),
734 1020 794 1082 sed
815 1019 899 1084 hanc
921 1020 1063 1086 Phaonis
1084 1022 1278 1084 mentionem

240 1124 282 1188 ad
304 1143 377 1204 cos,
401 1126 456 1207 qui
478 1141 520 1184 ex
535 1121 694 1186 Corrviuio
716 1120 906 1203 afferuntur,
929 1144 1047 1190 versus
1061 1121 1279 1208 aliquomodo

240 1229 401 1311 pertinere
423 1248 480 1309 per
501 1246 539 1289 se
562 1235 657 1308 patet.
696 1224 767 1291 Hoc
789 1228 817 1295 si
840 1236 1002 1307 tenemuS,
1025 1228 1133 1310 negari
1158 1225 1278 1309 nequit,

240 1329 461 1393 Platonem-io
484 1327 617 1393 Phaone
638 1346 752 1411 poema
775 1328 909 1411 uliqued
932 1331 1067 1394 Δεῖπνω
1090 1329 1280 1410 inscriptum

240 1452 456 1515 memorasse,
480 1453 595 1498 versus
618 1441 722 1497 autem
744 1431 836 1515 illos,
859 1451 942 1517 quos
966 1432 1075 1517 lyricis
1097 1432 1208 1497 metris
1230 1430 1280 1493 io·

241 1536 352 1600 clusos
374 1535 494 1600 Athen.
516 1535 571 1617 lV,
601 1557 630 1618 p.
657 1537 721 1602 146
750 1539 880 1621 repetit,
915 1537 955 1601 ad
984 1537 1279 1619 condempnemus

240 1641 418 1723 pertinere,
442 1658 537 1724 quem
561 1638 655 1704 Plato
679 1642 712 1704 io
734 1641 843 1705 fabula
864 1641 919 1705 illa
944 1640 1067 1703 aculeis
1084 1640 1153 1702 suis
1169 1655 1281 1720 perse·
1314 1684 1319 1691 .

241 1753 336 1807 cutus
358 1744 408 1806 sit.
453 1742 516 1824 Qui
539 1761 654 1806 versus
683 1760 781 1826 quum
803 1763 845 1807 ex
866 1761 912 1807 eo⁴
929 1745 1069 1808 carmine
1090 1742 1180 1824 petiti
1202 1741 1280 1821 sint,

142 1877 145 1884 ·
241 1863 305 1930 quo
325 1844 496 1909 Philoxeni
520 1864 634 1908 nomen
651 1846 825 1929 antiquitus
848 1846 1013 1926 inclaruit,
1036 1854 1135 1909 totum
1152 1861 1280 1907 carmen

241 1959 296 2013 aut
318 1947 489 2033 cytherio,
512 1960 566 2011 aut
587 1947 763 2031 (siquidem
785 1948 857 2032 ejus
874 1950 967 2015 Plato
989 1953 1020 2012 io
1035 1949 1168 2012 Phaone
1191 1966 1280 2010 men-

242 2053 363 2116 tionem
396 2051 486 2128 fecit)
518 2050 682 2116 Leucadio
715 2052 919 2117 tribuendum
952 2064 1010 2116 est.
1065 2052 1117 2116 De
1150 2051 1212 2115 hac
1243 2070 1280 2115 rc

242 2156 431 2220 Athenaeus
461 2157 539 2219 certi
568 2155 644 2239 quid
673 2154 794 2217 diceret
819 2176 884 2219 oon
909 2155 1054 2219 habehat.
1098 2153 1171 2218 Jam
1193 2142 1280 2236 quod

243 2279 308 2326 oon
331 2259 484 2345 Cytheric
506 2258 701 2324 Conuiuium
729 2258 912 2338 tribuimus,
947 2258 1093 2341 sequitur
1120 2256 1213 2338 inde,
1247 2265 1281 2319 ut

243 2366 339 2429 etiam
362 2364 563 2428 hexametros
585 2363 659 2428 illos
682 2364 814 2442 (Athen.
827 2364 858 2443 1,
879 2384 910 2446 p.
931 2369 968 2441 5)
989 2362 1099 2447 aliquo
1122 2361 1217 2426 modo
1240 2361 1281 2424 ad

179 2487 183 2499 ·
244 2465 379 2530 eundem
404 2467 562 2546 pertinere
590 2476 767 2528 statuamus
775 2512 785 2549 ,
815 2468 876 2530 nisi
906 2466 989 2531 sorte
1018 2469 1184 2550 utriusque
1205 2463 1282 2527 Phi·

244 2569 354 2632 loxeni
380 2570 549 2632 statuimus
578 2568 610 2630 in
632 2567 775 2631 Platonis
805 2567 913 2632 fabula
942 2570 1136 2631 mentionem
1164 2566 1282 2630 factam

244 2691 337 2749 esse,
370 2691 388 2733 a
422 2688 487 2755 quo
521 2669 669 2752 equidem
704 2670 892 2753 longissime
922 2671 1045 2735 absum.
1097 2668 1282 2733 Hexametri

245 2785 350 2838 autem
390 2773 436 2836 illi
476 2773 637 2858 quomodo
671 2772 712 2835 ad
746 2770 887 2858 Cytherii
928 2792 1043 2858 poema
1076 2776 1282 2856 pertinerent,

244 2876 405 2961 Bergkius
445 2876 552 2960 (cujus
586 2875 686 2941 verba
719 2893 814 2958 supra
853 2877 1076 2958 repetivimus)
1117 2875 1283 2957 indicavit,

244 3001 337 3065 quern
361 3000 487 3046 errasse
510 3001 550 3044 ne
574 2979 751 3064 Bergleioii
779 2981 909 3064 quidem
938 2983 1118 3064 sagacitas,
1146 2999 1210 3064 qua
1241 2980 1282 3043 ad

246 3084 446 3148 refutandum
479 3083 569 3147 illum
610 3103 692 3149 usus
726 3098 790 3163 est,
832 3087 926 3150 nohis
964 3089 1134 3169 persuasit
1199 3086 1283 3150 Nam

245 3189 331 3273 quod
379 3191 449 3253 listi
487 3192 643 3272 poemati,
684 3191 770 3273 quod
811 3193 963 3261 recitetur
996 3191 1078 3273 apud
1114 3192 1284 3272 comicum,

230 3314 287 3373 =oe
321 3293 516 3357 levissimam
545 3295 675 3377 quidem
707 3294 944 3358 similitudinem
977 3294 1177 3359 intercedere
1211 3313 1284 3358 cum

245 3393 445 3479 dithyrambo
474 3395 548 3459 illo«
578 3395 782 3479 Bergleinius
805 3398 954 3481 affirmat,
985 3418 1066 3462 care
1094 3419 1134 3462 ne
1163 3401 1284 3462 temere

246 3499 275 3561 oi
303 3497 479 3573 concedam
514 3510 626 3581 aperte
651 3502 736 3564 enim
766 3505 929 3585 comicus,
963 3506 1039 3589 quid
1062 3503 1185 3566 ualeret
1206 3500 1284 3565 Phi·

247 3601 352 3666 loxeui
376 3621 505 3665 carmen
529 3613 736 3686 ostensurus,
759 3606 790 3669 id
814 3610 897 3690 egit,
920 3622 952 3670 ut
976 3622 1102 3670 omnem
1126 3608 1285 3689 poematis

246 3704 540 3786 amplificationem,
574 3725 637 3790 qua
671 3705 1013 3791 dithyrambographus
1048 3711 1095 3771 rei
1123 3709 1284 3773 levitatem

245 3811 398 3888 texisset,
421 3808 462 3870 ah
485 3828 522 3874 ea
546 3810 743 3890 detraheret,
768 3830 806 3873 ac
822 3804 906 3873 nuda
921 3815 1014 3895 quasi
1037 3816 1183 3896 corporis
1205 3813 1283 3876 vitio

246 3912 408 3976 hominum
432 3913 510 3976 risui
533 3913 638 3978 daret:
663 3924 696 3977 et
717 3915 805 3998 quod
827 3915 868 3978 ad
891 3924 989 3977 totum
1003 3918 1114 3980 attinet
1132 3915 1285 3981 carminis

247 4014 407 4096 colorem,
442 4018 497 4099 qui
531 4017 662 4079 omnino
697 4027 833 4080 mutatus
867 4035 941 4080 esse
974 4036 992 4078 a
1026 4019 1152 4081 comico
1181 4016 1285 4080 videri
