2916 4860
1182 404 1225 475 ld

187 584 345 658 uteretur,
367 574 443 657 sed,
464 592 563 659 quum
584 572 701 656 peiseis
723 574 921 657 temporibus
943 593 984 641 ea
1006 594 1117 647 earum
1138 577 1224 661 ipsa·

187 700 258 749 mm
277 697 402 756 rerum,
423 677 541 763 quibus
556 677 737 761 serviebat,
756 680 925 745 summitate
938 681 1025 751 vitus
1039 698 1225 766 nervosque

187 783 386 866 moepisset,
414 791 530 865 postea
552 780 657 847 solutu
684 781 888 864 singulorum
910 783 1073 857 hominum
1095 770 1224 855 arbitrio

186 888 280 971 requi
302 895 335 951 et
354 895 481 951 reetore
502 887 595 970 quasi
610 904 725 950 eureus
746 885 848 953 lluere
862 887 980 969 eoepit.
1014 886 1086 970 Quo
1103 888 1223 955 saeuam

185 1002 252 1073 est,
272 999 309 1055 ut
330 988 528 1059 Graecorum
548 987 843 1073 intelligentissimi,
865 989 1018 1063 eomieos
1030 986 1104 1057 dieo
1125 989 1224 1076 inque
1291 1000 1295 1007 ’

186 1093 298 1177 primis
318 1091 505 1175 Platonem,
537 1091 594 1176 qui
623 1089 703 1157 firmi
732 1088 855 1175 aliquid
883 1089 1043 1175 solidique
1068 1109 1134 1156 non
1154 1100 1223 1159 arte

187 1194 305 1263 laetum
325 1205 381 1265 aut
396 1195 560 1263 bominum
579 1192 711 1263 libidine
723 1202 850 1278 natum',
870 1194 929 1259 sed
943 1198 1083 1263 aeternis
1094 1196 1223 1282 legibus

185 1300 392 1367 eonstituturn
408 1300 546 1365 subesse
564 1307 713 1382 oportere
726 1297 875 1365 omnibus
889 1298 988 1367 rebus
998 1299 1223 1385 intelligerent,

186 1392 304 1467 novam
330 1403 485 1469 musicam
509 1401 585 1486 jure
610 1402 790 1489 meritoque
818 1402 1025 1486 reprobarent
1052 1413 1149 1486 atque
1170 1422 1221 1469 ar·

184 1506 319 1576 oeream
340 1507 511 1572 asinitate
532 1517 713 1575 numerent
744 1507 863 1594 legens
881 1507 1056 1574 antem'illu
1078 1509 1222 1575 musione

184 1610 373 1693 eonversio,
395 1629 459 1694 qua
480 1609 580 1677 dores
596 1611 689 1695 illos,
712 1630 795 1698 quos
810 1613 934 1679 munies
947 1623 1134 1696 aperuerat,
1157 1632 1221 1679 non

184 1711 318 1779 dixerim
341 1709 425 1793 iusto
454 1712 551 1779 modo
573 1715 749 1781 seeundum
771 1725 918 1785 naturam
946 1715 988 1781 ad
1010 1717 1221 1781 maturitatem

184 1817 393 1900 permnisse,
426 1815 490 1881 ima
516 1817 612 1881 nimia
642 1816 802 1885 frondium
822 1817 966 1902 undique
985 1817 1220 1903 pullulantium,

185 1936 267 2002 quas
287 1916 376 1985 nulla
397 1936 513 1983 manus
542 1919 787 2003 compescebat,
821 1917 947 1989 luxuria
975 1938 1150 2004 oppressos
1180 1938 1220 1987 ae

183 2039 284 2104 prope
316 2020 491 2087 exstinetos
524 2036 618 2101 esse,
650 2022 685 2087 io
713 2020 800 2086 illam
827 2032 963 2091 aetatem
995 2022 1124 2105 insidit,
1155 2041 1222 2106 qua

184 2121 402 2208 dithyrambos
425 2123 562 2189 manme
576 2121 699 2186 ilorere
713 2132 810 2206 utque
824 2123 930 2187 omnia
946 2141 1086 2206 poeseos
1099 2141 1221 2207 genart

185 2222 298 2290 oolore
317 2244 376 2293 suo
396 2208 520 2309 tingere
542 2224 710 2307 eoepitfl).
754 2223 814 2287 lllo
842 2226 939 2307 igitur
961 2234 1123 2306 tempore,
1153 2242 1219 2308 quo

182 2328 291 2392 omnia
325 2326 522 2395 Graecarum
553 2347 659 2393 rerum
698 2324 902 2391 fundamenta
940 2325 1044 2408 solvi,
1084 2326 1218 2409 pristinu

181 2429 386 2513 simplieitas,
407 2430 620 2512 consuenda,
643 2445 767 2491 morum
788 2427 972 2511 integritas,
998 2428 1121 2511 pietas,
1143 2427 1217 2493 reli-

121 2546 128 2551 '
181 2533 236 2617 gio
258 2531 328 2599 tolli
348 2552 392 2596 ex
414 2534 529 2599 animis
550 2541 745 2615 eoeperunt,
775 2532 886 2619 poesis
914 2532 1010 2597 etiam
1037 2542 1068 2595 et
1093 2533 1217 2598 musica

181 2635 264 2703 labis
294 2653 359 2701 uon
371 2689 379 2707 .‚
388 2636 544 2701 immunes
574 2643 775 2717 manserunt,
807 2633 865 2699 sed
896 2634 939 2698 ita
966 2644 1105 2701 mutatae
1133 2646 1219 2718 sunt,

180 2748 215 2807 ut
235 2737 289 2807 vel
310 2738 451 2803 maximo
471 2738 645 2821 splendore
660 2738 737 2802 vitia
751 2747 859 2820 tegere
873 2754 937 2800 non
959 2747 1105 2821 possent.
1139 2735 1218 2803 Cer·

180 2843 338 2911 tissimum
360 2842 687 2926 autem-eorruptelee
712 2843 841 2927 siguum
861 2840 925 2908 boo
945 2855 1012 2926 eet,
1041 2843 1129 2926 quod
1158 2861 1218 2911 eae

180 2965 254 3030 res,
286 2947 404 3033 quibus
430 2947 641 3029 secundarios
667 2948 763 3014 loeus
791 2966 811 3011 a
840 2943 1003 3009 veteribus
1018 2943 1094 3028 juro
1121 2946 1220 3017 datus

179 3060 266 3134 erat,
287 3051 331 3114 ita
353 3051 457 3134 magis
471 3051 641 3134 magisque
656 3050 761 3115 exeoli
778 3058 810 3113 et
825 3045 1010 3131 amplificari
1027 3057 1216 3131 coeperunt,

181 3161 215 3219 ttt
235 3153 419 3234 primarium
440 3152 503 3216 sibi
526 3152 737 3216 vindicarent.
781 3151 901 3214 Poesin
930 3150 1015 3215 enim
1042 3150 1216 3233 antiquitus

180 3265 343 3339 tanquam<
359 3255 495 3318 eomites
524 3265 555 3323 et
585 3253 760 3337 adjutrices
789 3252 1006 3338 sequebantur
1033 3252 1162 3317 saltatio
1186 3263 1217 3319 et

179 3357 319 3440 musiea5
340 3356 381 3421 de
403 3355 573 3423 saltatione
593 3357 677 3420 infra
700 3356 861 3441 dicemus,
890 3374 931 3422 ex
953 3356 1076 3420 musioa
1098 3366 1216 3437 autern,

177 3479 282 3544 quae,
303 3468 472 3543 postquam
493 3460 542 3522 eui
566 3459 659 3541 quasi
679 3457 760 3542 Juris
783 3457 866 3521 faeta
888 3467 956 3540 est,
978 3475 1078 3541 regno
1099 3458 1215 3540 poesin

178 3561 294 3647 ejeoit,
323 3570 476 3646 quantum
505 3560 561 3625 illa
591 3559 771 3627 detrimenti
800 3560 937 3642 ceperit,
972 3559 1051 3622 setis
1074 3558 1138 3621 diei
1160 3559 1214 3621 vix

178 3675 294 3748 potest.
839 3736 842 3741 p

264 3769 309 3834 At
340 3789 381 3835 ne
413 3769 455 3834 ab
487 3788 527 3835 ea
559 3769 629 3853 via,
662 3788 725 3853 qua
759 3767 853 3833 nobis
881 3764 1123 3850 ingrediendum
1153 3776 1214 3849 est,

176 3870 349 3957 ebenum
371 3876 553 3958 videamur,
583 3873 754 3939 redeamus
781 3871 823 3941 od
845 3868 1065 3935 Philoxenum.
1109 3869 1145 3937 tn
1174 3888 1214 3932 eu

177 3977 280 4061 euin,
302 3978 335 4042 io
358 3976 462 4042 media
484 3975 540 4043 ilia
562 3995 667 4041 rerum
683 3974 878 4043 Graecarum
902 3974 1115 4039 conversione
1138 3982 1213 4037 nato
